=LDR  03895cam a2200529 a 4500
=001  12773
=005  20250926135309.0
=008  100709s2011\\\\mduag\\\\b\\\\011\0\eng\\
=016  7\$a015704036$2Uk
=020  \\$a9780810877375 (cloth : alk. paper)
=020  \\$a0810877376 (cloth : alk. paper)
=040  \\$aOI
=041  \\$aeng
=100  \\$aHogwood, Christopher$d1941-2014$1http://www.wikidata.org/entity/Q435198$4dte$918287
=245  00$aEssays in Honor of Christopher Hogwood:$bThe Maestro's Direction
=260  \\$aLanham, MD$bScarecrow$c2011
=300  \\$axvii-259 pages$billustrations, music$c24 cm
=504  \\$aIncludes bibliographical references and index.
=505  0\$gFrom the virginal to the spinet : domestic keyboard instrument manufacture and use in Stuart England / Darryl Martin -- Reading soul from manuscripts : some observations on performance issues in J.S. Bach's habits of writing his music / Yo Tomita -- Handel's visit to Dublin, 1741-42 / Bridget Cunningham -- Picturing the moment in sound : C.P.E. Bach and the musical portrait / Annette Richards -- John Crang : his workshop and surviving claviorgan / Eleanor Smith -- Thoughts on articulatory notation in Haydn's solo keyboard music / Richard Troeger -- What keyboard instrument did Mozart envision for his Concerto in D major, K. 175? / Robert D. Levin -- Square pianos in German-speaking areas at the time of Wolfgang Amadeus Mozart and their possible uses in his works / Sabine K. Klaus -- Two eighteenth-century Swedish clavichords in American collections / Gregory Crowell -- Beethoven and the clavichord / Tilman Skowroneck -- Stringband design for fretted clavichords / Thomas Donahue.
=600  \0$aBach, Johann Sebastian$d1685-1750$1http://www.wikidata.org/entity/Q1339$94766
=600  \0$aHandel, George Frideric$d1685-1759$1http://www.wikidata.org/entity/Q7302$94765
=600  \0$aBach, Carl Philipp Emanuel$d1714-1788$1http://www.wikidata.org/entity/Q76428$99218
=600  \0$aHaydn, Joseph$d1732-1809$1http://www.wikidata.org/entity/Q7349$94783
=600  \0$aMozart, Wolfgang Amadeus$d1756-1791$1http://www.wikidata.org/entity/Q254$95341
=600  \0$aBeethoven, Ludwig van$d1770-1827$1http://www.wikidata.org/entity/Q255$95335
=648  \0$a17th Century (1601-1700)$1http://www.wikidata.org/entity/Q7016$920923
=648  \0$a18th Century (1701-1800)$1http://www.wikidata.org/entity/Q7015$920899
=650  \0$aMusic history$1http://www.wikidata.org/entity/Q846047$921373
=650  \0$aSpinet$1http://www.wikidata.org/entity/Q623941$924515
=650  \0$aVirginal$1http://www.wikidata.org/entity/Q922337$923762
=650  \0$aHistorically informed performance$1http://www.wikidata.org/entity/Q1344860$920980
=650  \0$aPortrait$1http://www.wikidata.org/entity/Q134307$92622
=650  \0$aKeyboard music$1http://www.wikidata.org/entity/Q105715630$921412
=650  \0$aClaviorgan$1http://www.wikidata.org/entity/Q1099112$927784
=650  \0$aNotation$1http://www.wikidata.org/entity/Q233861$91964
=650  \0$aKeyboard instrument$1http://www.wikidata.org/entity/Q52954$92849
=650  \0$aConcerto$1http://www.wikidata.org/entity/Q9748$921817
=650  \0$aPiano$1http://www.wikidata.org/entity/Q5994$1https://www.wikidata.org/wiki/Q1521313$92127
=650  \0$aClavichord$1http://www.wikidata.org/entity/Q191823$92126
=651  \0$aUnited Kingdom$1http://www.wikidata.org/entity/Q21$1https://www.wikidata.org/wiki/Q145$9273
=651  \0$aDublin (Ireland)$1http://www.wikidata.org/entity/Q1761$927101
=651  \0$aSweden$1http://www.wikidata.org/entity/Q34$9275
=651  \0$aUSA$1http://www.wikidata.org/entity/Q30$943
=700  \\$aDonahue, Thomas$d1953-$4edt$915133
=942  \\$cBOO
=952  \\$00$10$2ddc$40$6REF_4_000000000000000_HOGW$70$8REF$912755$aORPH$bORPH$cKM12_1$d2021-01-12$oREF4 HOGW$p20127467$r2021-01-12 00:00:00$w2021-01-12$yBOO
=999  \\$d12773

