=LDR  02538aam a2200349   4500
=001  12789
=005  20251003085459.0
=008  250115s1992\\\\||||||||\||||\00|\0\fre\d
=020  \\$a2800410434
=041  \\$afre
=245  \\$aMusiques et spectacles à Bruxelles au XVIIIe siècle
=260  \\$c1992$aBrussels$bÉditions de l'Université de Bruxelles
=300  \\$a122-[2] pages
=490  \\$aÉtudes sur le XVIIIe Siècle$vXIX
=500  \\$aphotocopy print without images
=505  \\$gAvant-propos  / Manuel COUVREUR -- Le théâtre et la danse à Bruxelles de 1760 à 1765  / Jean-Philippe VAN AELBROUCK  -- La Porte de Laeken: 
une prison pour les comédiens dans la seconde moitié du xvnf siècle  / Nicolas Bauchau -- La vie musicale à Bruxelles entre 1741 et 1780  vue par le biais de la Gazette de Bruxelles et de la Gazette des Pays-Bas  / Marie CORNAZ -- Les œuvres de Joseph Hector Fiocco (1703-1741)  dans la bibliothèque du chanoine Vanden Boom (1688-1769) / Lewis Reece BARATZ -- Les collections privées de livres et d'instruments de musique au travers des catalogues de vente bruxellois, durant les règnes de Marie-Thérèse et Joseph II d'Autriche (1740-1790)  / Anne François --  La diffusion de la musique de Mozart à Bruxelles d'après le dernier Catalogue de Weissenbruch (1813) / Henri Vanhulst
=600  \0$aFiocco, Joseph-Hector$d1703-1741$1http://www.wikidata.org/entity/Q1355080$919474
=600  \0$aMozart, Wolfgang Amadeus$d1756-1791$1http://www.wikidata.org/entity/Q254$95341
=648  \0$a18th Century (1701-1800)$1http://www.wikidata.org/entity/Q7015$920899
=650  \0$aHistory of dance$1http://www.wikidata.org/entity/Q27730$939407
=650  \0$aMusic history$1http://www.wikidata.org/entity/Q846047$921373
=650  \0$aTheater history$1http://www.wikidata.org/entity/Q1061140$94607
=650  \0$aJournalism$1http://www.wikidata.org/entity/Q11030$921960
=650  \0$aCatalogue$1http://www.wikidata.org/entity/Q2352616$1http://www.wikidata.org/entity/Q6941730$921484
=650  \0$aActor$1http://www.wikidata.org/entity/Q33999$93442
=651  \0$aBrussels (Belgium)$1http://www.wikidata.org/entity/Q239$937
=700  \\$aMortier, Roland$4edt$939409
=700  \\$aHasquin, Hervé$4edt$939410
=856  \\$uhttp://digistore.bib.ulb.ac.be/2009/a049_1992_019_f.pdf
=942  \\$cBOO
=952  \\$00$10$2ddc$40$6TOP_BE_BRU1_5_000000000000000$70$8TOP$912771$aORPH$bORPH$cKTS0$d2021-01-12$eKoopman$i45G27$l0$oTOP BE.BRU1 5$p20127539$r2021-01-12 00:00:00$w2021-01-12$yBOO$OKoopman
=999  \\$d12789

