=LDR  05033aam a2200613   4500
=001  12792
=005  20250926134857.0
=008  210819t1926\\\\\\\|||||\||||\01|\0\ger\d
=100  \\$aWagner, Peter$d1865-1931$1http://www.wikidata.org/entity/Q4102224$922073$4dte
=245  \\$aFestschrift Peter Wagner zum 60. Geburtstag.$bGewidmet von Kollegen, Schülern und Freunden
=260  \\$c1926$aLeipzig$bBreitkopf & Härtel
=300  \\$a237 pages
=505  \\$gTonart und Thema in Bachs Instrumentalfugen / H. Abert -- Orgelmusik der Schola Hispanica vom XV.-XVII. Jahrhundert / H. Angles -- Die Quadripartita figura in der mittelalterlichen Musiktheorie / L. Bronarski -- Drie Missale-Hss. deutscher Herkunft in der Batthyány-Bibliothek zu Karlsburg / E. Drinkwelder -- Cod. XXVII, 84 der Chorbibliothek der Frauenkirche in München / K. Fellerer -- Unbekannte Reimgebetkompositionen aus Rebdorfer Handschriften / J. Gmelch -- Ein Berliner Aktenstück zur Geschichte des Notendruckverfahrens / W. Hitzig -- Das isometrische Moment in der Vokalpolyphonie / K. Jeppesen -- Über ein Brief Palestrinas / K. Jeppesen -- Schriftstücke aus dem Palestrina-Kreis / G. Kinsky -- Psalmengesang in der Volkssprache / I. Krohn -- Palestrina und Bach in der evangelischen und katholischen Kirchenmusik / J. Kromolicki -- Gregor Aichinger als Politiker / T. Kroyer -- Gregorianische Choral und vergleichende Musikwissenschaft / R. Lach -- Das deutsche monodische Kunstlied um 1500 / H. J. Moser -- Germanische Choraltradition und deutscher Kirchengesang / H. Müller -- Zur Musik der Psalmen Davids von Heinrich Schütz / A. Schering -- Die Beethoven-Apotheose als Beispiel eines Säkularisierungsvorgangs / A. Schmitz -- Palestrina und Deutschland / O. Ursprung -- Eine neue Quelle zur mehrstimmigen kirchliche Praxis des 14.-15. Jahr. / J. Wolf
=600  \0$aPalestrina, Giovanni Pierluigi da$dc. 1525-1594$1http://www.wikidata.org/entity/Q179277$910834
=600  \0$aAichinger, Gregor$dc. 1565-1628$1http://www.wikidata.org/entity/Q633088$940360
=600  \0$aSchütz, Heinrich$d1585-1672$1http://www.wikidata.org/entity/Q153643$97240
=600  \0$aBach, Johann Sebastian$d1685-1750$1http://www.wikidata.org/entity/Q1339$94766
=600  \0$aBeethoven, Ludwig van$d1770-1827$1http://www.wikidata.org/entity/Q255$95335
=610  \0$aBiblioteca Batthyaneum (Alba Iulia, Romania)$940358
=610  \0$aFrauenkirche (Munich, Germany)$1http://www.wikidata.org/entity/Q167193$91360
=648  \0$aMiddle Ages (500-1400)$1http://www.wikidata.org/entity/Q12554$920964
=648  \0$a15th Century (1401-1500)$1http://www.wikidata.org/entity/Q7018$921015
=648  \0$a16th Century (1501-1600)$1http://www.wikidata.org/entity/Q7017$920944
=648  \0$a17th Century (1601-1700)$1http://www.wikidata.org/entity/Q7016$920923
=648  \0$a18th Century (1701-1800)$1http://www.wikidata.org/entity/Q7015$920899
=650  \0$aInstrumental music$1http://www.wikidata.org/entity/Q639197$92106
=650  \0$aTonality$1http://www.wikidata.org/entity/Q192822$923769
=650  \0$aOrgan music$1http://www.wikidata.org/entity/Q116958279$91951
=650  \0$aMusic theory$1http://www.wikidata.org/entity/Q193544$92662
=650  \0$aManuscript$1http://www.wikidata.org/entity/Q87167$92275
=650  \0$aMissal$1http://www.wikidata.org/entity/Q833590$94357
=650  \0$aMass$1http://www.wikidata.org/entity/Q217295$92735
=650  \0$aPrayer$1http://www.wikidata.org/entity/Q40953$921486
=650  \0$aMusic printing$1http://www.wikidata.org/entity/Q64416036$94007
=650  \0$aPolyphony$1http://www.wikidata.org/entity/Q179465$926381
=650  \0$aComposer$1http://www.wikidata.org/entity/Q36834$93625
=650  \0$aCorrespondence$1http://www.wikidata.org/entity/Q1784733$921392
=650  \0$aPsalm$1http://www.wikidata.org/entity/Q12497663$92164
=650  \0$aSinging$1http://www.wikidata.org/entity/Q27939$92767
=650  \0$aChurch music$1http://www.wikidata.org/entity/Q8812109$1http://www.wikidata.org/entity/Q1065742$92283
=650  \0$aCatholicism$1http://www.wikidata.org/entity/Q1841$921631
=650  \0$aProtestantism$1http://www.wikidata.org/entity/Q23540$921012
=650  \0$aPolitics$1http://www.wikidata.org/entity/Q7163$921826
=650  \0$aPlainchant$1http://www.wikidata.org/entity/Q2707688$921363
=650  \0$aMusicology$1http://www.wikidata.org/entity/Q164204$93925
=650  \0$aSong$1http://www.wikidata.org/entity/Q7366$94164
=651  \0$aGermany$1http://www.wikidata.org/entity/Q183$9155
=651  \0$aSpain$1http://www.wikidata.org/entity/Q29$920983
=651  \0$aAlba Iulia (Romania)$1http://www.wikidata.org/entity/Q174665$940359
=651  \0$aItaly$1http://www.wikidata.org/entity/Q38$922
=700  \\$4edt$aWeinmann, Karl$d1873-1929$1http://www.wikidata.org/entity/Q1733333$922074
=942  \\$cBOO
=952  \\$00$10$2ddc$40$6REF_4_000000000000000_WAGN$70$8REF$912774$aORPH$bORPH$cKM12_1$d2021-01-12$eKoopman$i46A12$oREF4 WAGN$p20127585$r2021-01-12 00:00:00$w2021-01-12$yBOO
=999  \\$d12792

