=LDR  01312cam a2200289 a 4500
=001  12809
=005  20250120115951.0
=008  811107s1980\\\\gw\ag\\\\b\\\\011\0\ger\\
=015  \\$aGFR***
=020  \\$a3885830027
=040  \\$aOI
=041  0\$agereng
=245  00$aArs musica, musica scientia :$bFestschrift Heinrich Hüschen zum fünfundsechzigsten Geburtstag am 2. März 1980 /$cüberreicht von Freunden, Kollegen und Schülern ; herausgegeben von Detlef Altenburg.
=250  \\$aSonderausg.
=260  \\$a[S.l.] :$bVerlag der Arbeitsgemeinschaft für Rheinische Musikgeschichte,$c1980.
=300  \\$a473 p. :$bill., music ;$c25 cm.
=490  1\$aBeiträge zur rheinischen Musikgeschichte ;$vBd. 126
=504  \\$aIncludes bibliographies and index.
=600  \0$aHüschen, Heinrich$d1915-1993$915034
=700  \\$aHüschen, Heinrich$d1915-1993$915034
=700  \\$aAltenburg, Detlef$914702
=740  0\$aFestschrift Heinrich Hüschen zum 65. Geburtstag.
=830  \0$91111$aBeiträge zur rheinischen Musikgeschichte ;$vHeft 126.
=942  \\$cBOO
=952  \\$00$10$2ddc$40$6REF_4_000000000000000_HÜSC$70$8REF$912791$aORPH$bORPH$cKM12_1$d2021-01-12$oREF 4 HÜSC$p20127637$r2021-01-12 00:00:00$w2021-01-12$yBOO
=999  \\$c12809$d12809
=650  \0$aMusic history$1http://www.wikidata.org/entity/Q846047$921373

