=LDR  00281    a2200097   4500
=001  12816
=245  \\$aLa musica borghese
=260  \\$c2014
=942  \\$cBOO
=952  \\$00$10$40$70$912798$aORPH$bORPH$cLOC_UNK$d2021-01-12$l0$p20127667$r2021-01-12 00:00:00$w2021-01-12$yTYPE_UNK$OKoopman
=999  \\$c12816$d12816

