=LDR  01162aam a2200217   4500
=001  12825
=008  230414s1991\\\\||||||||\||||\00|\0\ger\d
=041  \\$ager
=100  1\$1http://www.wikidata.org/entity/Q112524512$4aut$aEder, Petrus$926065
=245  \\$aDas Benediktinerstift St. Peter in Salzburg zur Zeit Mozarts:$bMusik und Musiker, Kunst und Kultur 
=260  \\$c1991$aSalzburg$bErzabtei St. Peter Salzburg & Universität Salzburg
=300  \\$a224 pages
=610  \0$aBenediktinerstift St. Peter Salzburg (Austria)$1http://www.wikidata.org/entity/Q675735$939235
=648  \0$1http://www.wikidata.org/entity/Q7015$a18th Century (1701-1800)$920899
=650  \0$aCultural history$1http://www.wikidata.org/entity/Q858517$922395
=650  \0$aMusic history$1http://www.wikidata.org/entity/Q846047$921373
=650  \0$aMonastery$1http://www.wikidata.org/entity/Q44613$926216
=651  \0$1http://www.wikidata.org/entity/Q34713$aSalzburg (Austria)$921433
=942  \\$cBOO
=952  \\$00$10$2ddc$40$6TOP_AT_SAL_5_000000000000000$70$8TOP$912807$aORPH$bORPH$cKTS0$d2021-01-12$eKoopman$l0$oTOP AT.SAL 5$p20126925$r2021-01-12 00:00:00$w2021-01-12$yBOO$OKoopman
=999  \\$d12825

