=LDR  01691aam a2200253   4500
=001  12831
=008  211027s2003\\\\-usg||||\||||\00|\0\eng\d
=020  \\$a9780521102612
=041  \\$aeng
=100  \\$aHogwood, Christopher$d1941-2014$4edt$1http://www.wikidata.org/entity/Q435198$918287
=245  \\$aThe Keyboard in Baroque Europe
=260  \\$c2003$aNew York$bCambridge University Press
=300  \\$a245 pages
=520  \\$aTwelve of today's most distinguished scholar-performers present essays on Baroque keyboard music. Topics include the place of the keyboard in concerted music, comparative teaching methods, studies of the repertoire of J.S. Bach and his sons, and writing in the later eighteenth century (including Mozart) and on matters of repertoire and performance practice. The volume concludes with a new arrangement for keyboard of Bach's D minor Violin Partita, published here for the first time.
=648  \0$a17th Century (1601-1700)$1http://www.wikidata.org/entity/Q7016$920923
=648  \0$a18th Century (1701-1800)$1http://www.wikidata.org/entity/Q7015$920899
=650  \0$aKeyboard instrument$1http://www.wikidata.org/entity/Q52954$92849
=650  \0$aKeyboard music$1http://www.wikidata.org/entity/Q105715630$921412
=650  \0$aOrganology$1http://www.wikidata.org/entity/Q899293$921400
=650  \0$aConcerto$1http://www.wikidata.org/entity/Q9748$921817
=942  \\$cBOO
=952  \\$00$10$2ddc$40$6INS_3A$70$8INS$912813$aORPH$bORPH$cKTS0$d2020-07-08$eKoopman$i46F16$oINS3a$p20126906$r2021-01-12 00:00:00$w2021-01-12$yBOO
=952  \\$00$10$2ddc$40$6INS_3A$70$8INS$916544$aORPH$bORPH$cKTS0$d2021-08-18$oINS3a$p20110426$r2021-01-12 00:00:00$w2021-01-12$yBOO
=999  \\$d12831

