=LDR  00317    a2200109   4500
=001  12835
=020  \\$a9788831794749
=245  \\$aLe Meraviglie di Venezia
=260  \\$c2008
=942  \\$cBOO
=952  \\$00$10$40$70$912817$aORPH$bORPH$cLOC_UNK$d2021-01-12$l0$p20127011$r2021-01-12 00:00:00$w2021-01-12$yTYPE_UNK$OKoopman
=999  \\$c12835$d12835

