=LDR  00320    a2200109   4500
=001  12837
=020  \\$a9789088810077
=245  \\$aThe Vatican Secret Archives
=260  \\$c2009
=942  \\$cBOO
=952  \\$00$10$40$70$912819$aORPH$bORPH$cLOC_UNK$d2021-01-12$l0$p20126974$r2021-01-12 00:00:00$w2021-01-12$yTYPE_UNK$OKoopman
=999  \\$c12837$d12837

