=LDR  01088cam a22002534a 4500
=001  12838
=005  20250120115914.0
=008  010430s1999\\\\it\a\\\\\bc\\\000\0\ita\\
=020  \\$a8887377057
=040  \\$aOI
=245  02$aI Sartorio :$bl'arte del dono.
=260  \\$aTrieste :$bCivici musei di storia ed arte,$c1999.
=300  \\$a252 p. :$bill. (some col.) ;$c30 cm.
=504  \\$aIncludes bibliographical references (p. 245-252).
=650  \0$aFine art$1http://www.wikidata.org/entity/Q219625$921579
=650  \0$aFine art$1http://www.wikidata.org/entity/Q219625$921579
=650  \0$aFine art$1http://www.wikidata.org/entity/Q219625$921579
=610  \0$aCivici musei di storia ed arte di Trieste (Italy)$91778
=610  \0$aSartorio family$1http://www.wikidata.org/entity/Q37452230$922347
=710  \\$aCivici musei di storia ed arte di Trieste (Italy)$91778
=942  \\$cBOO
=952  \\$00$10$40$70$912820$aORPH$bORPH$cLOC_UNK$d2021-01-12$l0$p20126992$r2021-01-12 00:00:00$w2021-01-12$yTYPE_UNK$OKoopman
=999  \\$c12838$d12838
=651  \0$aItaly$1http://www.wikidata.org/entity/Q38$922

