=LDR  00308    a2200109   4500
=001  12842
=020  \\$a9789078115489
=245  \\$aSprekend Haarle
=260  \\$c2010
=942  \\$cBOO
=952  \\$00$10$40$70$912824$aORPH$bORPH$cLOC_UNK$d2021-01-12$l0$p20126981$r2021-01-12 00:00:00$w2021-01-12$yTYPE_UNK$OKoopman
=999  \\$c12842$d12842

