=LDR  01237cam a2200313 i 4500
=001  12843
=005  20250305123013.0
=008  161101t20162015nyuab\\\\b\\\\001\0beng\\
=020  \\$a9780812979473 (trade paperback: alk. paper)
=020  \\$z9780812998207 (ebook)
=040  \\$aOI$beng$erda
=084  \\$2bisacsh
=100  \\$aMeacham, Jon$4aut$915192
=245  10$aDestiny and power :$bthe American odyssey of George Herbert Walker Bush /$cJon Meacham.
=250  \\$a2016 Random House trade paperback edition.
=264  \1$aNew York :$bRandom House,$c2016.
=264  \4$c©2015
=300  \\$axxiv, 844 pages :$billustrations, map ;$c24 cm
=336  \\$atext$btxt$2rdacontent
=337  \\$aunmediated$bn$2rdamedia
=338  \\$avolume$bnc$2rdacarrier
=504  \\$aIncludes bibliographical references (pages 787-811) and index.
=600  \0$aBush, George H. W.$d1924-2018$915193
=650  \0$aPresident$1http://www.wikidata.org/entity/Q30461$94476
=651  \0$aUSA$1http://www.wikidata.org/entity/Q30$943
=651  \0$aUSA$1http://www.wikidata.org/entity/Q30$943
=942  \\$cBOO
=952  \\$00$10$40$70$912825$aORPH$bORPH$cLOC_UNK$d2021-01-12$l0$p20123761$r2021-01-12 00:00:00$w2021-01-12$yTYPE_UNK$OKoopman
=999  \\$c12843$d12843

