=LDR  01840aam a2200337   4500
=001  12847
=005  20251003085459.0
=008  250303s2017\\\\|||oa|||\b|||\101\0|\\\\d
=020  \\$a9783867322607
=041  \\$ager
=245  \\$aDie Stadt in der Kirche.$bDie Marienkirche in BErnau und ihre Ausstattung
=260  \\$c2017$aBerlin$bLukas
=300  \\$a383 pages
=490  \\$aArbeitshefte des Brandenburgischen Landesamtes für Denkmalpflege und Archäologischen Landesmuseums$vNr. 40
=500  \\$aConference "Kein Bildersturm! Die Stadt in der Kirche - St. Marien Bernau", 6-8 november 2015
=610  \0$aSt. Marien (Bernau bei Berlin, Germany)$1http://www.wikidata.org/entity/Q1751141$91552
=648  \0$a16th Century (1501-1600)$1http://www.wikidata.org/entity/Q7017$920944
=648  \0$a17th Century (1601-1700)$1http://www.wikidata.org/entity/Q7016$920923
=648  \0$a18th Century (1701-1800)$1http://www.wikidata.org/entity/Q7015$920899
=650  \0$aChurch$1http://www.wikidata.org/entity/Q16970$93776
=650  \0$aCultural history$1http://www.wikidata.org/entity/Q858517$922395
=650  \0$aCatalogue$1http://www.wikidata.org/entity/Q2352616$1http://www.wikidata.org/entity/Q6941730$921484
=650  \0$aArchitecture$1http://www.wikidata.org/entity/Q12271$93185
=650  \0$aFine art$1http://www.wikidata.org/entity/Q219625$921579
=650  \0$aApplied arts$1http://www.wikidata.org/entity/Q2865882$921627
=651  \0$aBernau bei Berlin (Brandenburg, Germany)$1http://www.wikidata.org/entity/Q9300$939814
=700  \\$aKühne, Hartmut$4edt$939817
=700  \\$aRückert, Claudia$4edt$939818
=942  \\$cBOO
=952  \\$00$10$2ddc$40$6TOP_DE_BER2_4_000000000000000$70$8TOP$912829$aORPH$bORPH$cKTS0$d2021-01-12$eKoopman$i47B17$l0$oTOP DE.BER2 4$p20121496$r2021-01-12 00:00:00$w2021-01-12$yBOO$OKoopman
=999  \\$d12847

