=LDR  00642    a2200169   4500
=001  12851
=008  210826t2017\\\\\\\|||||\||||\00|\0\eng\d
=020  \\$a9783761824399
=245  \\$aThe History of the IMS (1927-2017)
=260  \\$c2017$aKassel$bBärenreiter
=300  \\$a167 pages
=610  \0$aInternational Musicological Society (Basel, Switzerland)$91748
=700  \\$4edt$aBaumann, Dorothea$922084
=700  \\$4edt$aFabris, Dinko$d1958-$910797
=942  \\$cBOO
=952  \\$00$10$2ddc$40$6REF_3_000000000000000_BAUM$70$8REF$912833$aORPH$bORPH$cKM12_1$d2021-01-12$eKoopman$i47C04$oREF3 BAUM$p20123746$r2021-01-12 00:00:00$w2021-01-12$yBOO
=999  \\$d12851

