=LDR  00642    a2200157   4500
=001  12859
=008  210826s1963\\\\||||||||\||||\00|\0\mul\d
=041  \\$ager$aeng
=245  \\$aBericht über den internationalen musikwissenschaftlichen Kongress Kassel 1962
=260  \\$c1963$aKassel$bBärenreiter
=300  \\$a392 pages
=700  \\$4edt$aReichert, Georg$d1910-1966$916259
=700  \\$4edt$aJust, Martin$d-1930$1http://www.wikidata.org/entity/Q1904186$916260
=942  \\$cBOO
=952  \\$00$10$2ddc$40$6REF_3_000000000000000_REIC$70$8REF$912841$aORPH$bORPH$cKM12_1$d2021-01-12$i47D41$oREF3 REIC$p20123674$r2021-01-12 00:00:00$w2021-01-12$yBOO
=999  \\$d12859

