=LDR  00626    a2200145   4500
=001  12860
=008  210826t1961\\\\||||||||\||||\00|\0\muld
=041  \\$aeng$ager$afre
=100  \\$aLaRue, Jan$d1918-2004$4edt$1http://www.wikidata.org/entity/Q59529710$916099
=245  \\$aInternational Musicological Society. Report of the Eighth Congress, New York 1961. $bVol I - Papers
=260  \\$c1961$aKassel$bBärenreiter
=300  \\$a472 pages
=942  \\$cBOO
=952  \\$00$10$2ddc$40$6REF_3_000000000000000_LARU$70$8REF$912842$aORPH$bORPH$cKM12_1$d2021-01-12$eKoopman$i47D45-1$oREF3 LARU$p20123670$r2021-01-12 00:00:00$w2021-01-12$yBOO
=999  \\$d12860

