=LDR  00923aam a2200169   4500
=001  12862
=008  250409s1956\\\\|||af|||\||||\00|\0|ger\d
=041  \\$ager
=100  \\$aHusmann, Heinrich$d1908-1983$1http://www.wikidata.org/entity/Q33184198$4edt$918105
=245  \\$aBeiträge zur Hamburgischen Musikgeschichte.$bFestgabe des Musikwissenschaftlichen Instituts der Universität Hamburg an die Teilnehmer des Internationalen Musikwissenschaftlichen Kongresses Hamburg 1956
=260  \\$c1956$aHamburg$bMusikwissenschaftlichen Instituts der Universität Hamburg
=300  \\$a69 pages
=650  \0$aMusic history$1http://www.wikidata.org/entity/Q846047$921373
=651  \0$aHamburg (Germany)$1http://www.wikidata.org/entity/Q1055$921940
=942  \\$cBOO
=952  \\$00$10$2ddc$40$6TOP_DE_HAM$70$8TOP$912844$aORPH$bORPH$cKTS0$d2021-01-12$eKoopman$i47D46$l0$oTOP DE.HAM$p20123668$r2021-01-12 00:00:00$w2021-01-12$yBOO$OKoopman
=999  \\$d12862

