=LDR  00964    a2200205   4500
=001  12863
=020  \\$a9783854505563
=245  \\$aJahrbuch des RISM-Österreich 2011$bBeiträge zur musikalischen Quellenkunde und zur Operngeschichte in Österreich
=260  \\$c2011$aVienna$bDer Apfel
=300  \\$a251-[4] pages
=490  \\$aVeröffentlichungen des RISM-Österreich$vReihe A - Band 16
=590  \\$aKurt Krischke zum 70. Geburtstag
=610  \0$aRépertoire International des Sources Musicales$1http://www.wikidata.org/entity/Q2178828$939228
=650  \0$aMusic history$1http://www.wikidata.org/entity/Q846047$921373
=651  \0$aAustria$1http://www.wikidata.org/entity/Q40$9202
=700  \\$aPetermayer, Klaus$4edt$939226
=700  \\$aJahn, Michael$4edt$939227
=942  \\$cBOO
=952  \\$00$10$2ddc$40$6TOP_AT_0_000000000000000$70$8TOP$912845$aORPH$bORPH$cKTS0$d2021-01-12$eKoopman$l0$oTOP AT 0$p20123666$r2021-01-12 00:00:00$w2021-01-12$yBOO$OKoopman
=999  \\$d12863

