=LDR  02891aam a2200229   4500
=001  12885
=008  230224s2013\\\\||||||||\||||\00|\0\eng\d
=020  \\$a9781905375837
=041  \\$aeng
=245  \\$aArt, Music, and Spectacle in the Age of Rubens:$bThe Pompa Introitus Ferdinandi
=260  \\$c2013$bBrepols$aTurnhout
=300  \\$a359 pages
=520  \\$aThis volume deals with the triumphal entry of the Cardinal-Infante Ferdinand, brother of King Philip IV of Spain, into Antwerp in 1635, one of the largest and most spectacular festivals ever mounted in an early modern city. The outdoor festivities in honor of the city's new governor included a citywide procession, performances, fireworks, music, and political speeches. Along the processional route appeared nine richly ornamented stages and arches designed by Peter Paul Rubens and executed by a group of local painters and sculptors, including Jacob Jordaens, Theodoor van Thulden, and Jan van den Hoecke. To commemorate the event, the city commissioned a lavish festival book, entitled the Pompa Introitus Ferdinandi (1641), which contains learned commentaries by Jan Gaspar Gevaerts, a city official and Latinist, as well as folio engravings by Theodoor van Thulden after Rubens's stages. More than a simple description of the event, Gevaerts' volume offers a rich compilation of references to ancient writers and reproductions of ancient coins. While most literature on the subject has focused on Rubens's nine monumental arches and his twelve preparatory oil sketches for the designs, this volume will examine the entry and its accompanying festival book as a whole. A group of highly distinguished specialists from different disciplines will discuss the entry and Gevaerts' book from a myriad of viewpoints, including art, architecture, music, theater, history, politics, classical knowledge, and economic and intellectual networks. It is the first time that the entry will be examined from a truly interdisciplinary perspective. The book draws on a wide variety of primary sources, including Rubens's preparatory oil sketches, Gevaerts' festival book, pamphlets describing the entry, and political songs from the period.
=648  \0$a17th Century (1601-1700)$1http://www.wikidata.org/entity/Q7016$920923
=650  \0$aFine art$1http://www.wikidata.org/entity/Q219625$921579
=650  \0$aCultural history$1http://www.wikidata.org/entity/Q858517$922395
=651  \0$aAntwerp (Belgium)$1http://www.wikidata.org/entity/Q12892$920974
=700  1\$4aut$4edt$aKnaap, Anna C.$1http://www.wikidata.org/entity/Q95673163$925763
=700  1\$4edt$aPutnam, Michael C. J.$1http://www.wikidata.org/entity/Q1650782$925764
=942  \\$cBOO
=952  \\$00$10$2ddc$40$6TOP_BE_ANT_5_000000000000000$70$8TOP$912867$aORPH$bORPH$cKTS0$d2021-01-12$eKoopman$i47G25$l0$oTOP BE.ANT 5$p20121524$r2021-01-12 00:00:00$w2021-01-12$yBOO$OKoopman
=999  \\$d12885

