=LDR  00321    a2200109   4500
=001  12889
=022  \\$a09429034
=245  \\$aToccata: Alte Musik Actuell
=260  \\$c1986-91
=942  \\$cBOO
=952  \\$00$10$40$70$912871$aORPH$bORPH$cLOC_UNK$d2021-01-12$l0$p20129430$r2021-01-12 00:00:00$w2021-01-12$yTYPE_UNK$OKoopman TS
=999  \\$c12889$d12889

