=LDR  00746aas a2200181   4500
=001  12892
=008  210512d19181981\\\|||||\||||\00|\0\ger\d
=022  \\$a00039292
=022  \\$a18622003
=041  \\$ager
=100  \\$aSeiffert, Max$d1868-1948$4edt$1http://www.wikidata.org/entity/Q74307$96471
=245  \\$aArchiv für Musikwissenschaft$nvols. 1, 16/1-2, 37/3, 38/2
=260  \\$aStuttgart$bSteiner$c1918/19; 1959; 1980-81; 2004-18
=650  \0$aMusic history$1http://www.wikidata.org/entity/Q846047$921373
=650  \0$aPeriodical$1http://www.wikidata.org/entity/Q1002697$921106
=942  \\$cPER
=952  \\$00$10$2ddc$40$6PER_AM5$70$8BIO$912874$aORPH$bORPH$cKTS1_P$d2021-01-12$eKoopman$oPER AM5$p20129542$r2021-01-12 00:00:00$w2021-01-12$yBOO
=999  \\$d12892

