=LDR  00323    a2200109   4500
=001  12901
=100  \\$aVecchi, A.$915209
=245  \\$aTavolette votive Bellunesi
=260  \\$c1979
=942  \\$cBOO
=952  \\$00$10$40$70$912883$aORPH$bORPH$cLOC_UNK$d2021-01-12$l0$p20127673$r2021-01-12 00:00:00$w2021-01-12$yTYPE_UNK$OKoopman
=999  \\$c12901$d12901

