=LDR  01165cam a2200253 a 4500
=001  12904
=005  20250120120240.0
=008  960806s1996\\\\ne\ab\\\\b\\\\000\0\dut\c
=020  \\$a9061684633
=040  \\$aOI
=100  \\$aVeer, Gerrit de$d157?-after 1598$1http://www.wikidata.org/entity/Q982932$915212
=240  10$91121$aWaarachtige beschrijving ....
=245  10$aOm de Noord :$bde tochten van Willem Barentsz en Jacob van Heemskerck en de overwintering op Nova Zembla, zoals opgetekend door Gerrit de Veer /$cvertaling, inleiding en annotatie, Vibeke Roeper, Diederick Wildeman.
=260  \\$aNijmegen :$bSUN,$cc1996.
=300  \\$a200 p. :$bill., maps ;$c22 cm.
=504  \\$aIncludes bibliographical references (p. 199-200).
=600  \0$aBarents, Willem$dc. 1550-1597$1http://www.wikidata.org/entity/Q133060$915213
=600  \0$aHeemskerck, Jacob van$915214
=650  \0$aTravel$1http://www.wikidata.org/entity/Q61509$94440
=700  \\$aRoeper, V. D.$915215
=700  \\$aWildeman, G. J. D.$915216
=942  \\$cBOO
=952  \\$00$10$40$70$912886$aORPH$bORPH$cLOC_UNK$d2021-01-12$l0$p20128264$r2021-01-12 00:00:00$w2021-01-12$yTYPE_UNK$OKoopman
=999  \\$d12904

