=LDR  00379    a2200121   4500
=001  12906
=005  20250926104052.0
=100  \\$aVejvanovsky, P. J.$d1639-1693$4cmp$915217
=245  \\$aSerenate e sonate per orchestra
=260  \\$c1984
=942  \\$cSCO
=952  \\$00$10$40$70$8SCO$912888$aORPH$bORPH$cKTS1_P$d2021-01-12$l0$p20124217$r2021-01-12 00:00:00$w2021-01-12$ySCO$OW.1467
=999  \\$c12906$d12906

