=LDR  00351    a2200121   4500
=001  12907
=020  \\$a9076452369
=100  \\$aVelde, J. van den$915218
=245  \\$aFondement-boeck 1605
=260  \\$c2005
=942  \\$cBOO
=952  \\$00$10$40$70$912889$aORPH$bORPH$cLOC_UNK$d2021-01-12$l0$p20129244$r2021-01-12 00:00:00$w2021-01-12$yTYPE_UNK$OKoopman
=999  \\$c12907$d12907

