=LDR  00369    a2200121   4500
=001  12913
=020  \\$a9090186883
=100  \\$aVeldhoven, Jos van$d1952-$4aut$915223
=245  \\$aOrpheus
=260  \\$c2004
=942  \\$cBOO
=952  \\$00$10$2ddc$40$6LIT_VELD_A$70$8LIT$912895$aORPH$bORPH$cKM12_2_H$d2021-01-12$oLIT VELD a$p20130070$r2021-01-12 00:00:00$w2021-01-12$yBOO
=999  \\$c12913$d12913

