=LDR  00518    a2200157   4500
=001  12916
=005  20250120115956.0
=020  \\$a9073446422
=041  \\$adut
=100  \\$aVellekoop, Kees$d1940-2002$4aut$1http://www.wikidata.org/entity/Q16912253$914938
=245  \\$aMusica movet affectus
=260  \\$c1994
=300  \\$a31 pages
=942  \\$cBOO$2ddc
=952  \\$00$10$2ddc$40$6AES_VELL$70$8AES$912898$aORPH$bORPH$cKM12_1$d2021-01-12$eKoopman$i45D26$l0$oAES VELL$p20127303$r2021-01-12 00:00:00$w2021-01-12$yBOO
=999  \\$c12916$d12916

