=LDR  01207cam a22002654a 4500
=001  12917
=005  20251014100438.0
=008  090925s2009\\\\ne\a\\\\\b\\\\001\0ddut\\
=020  \\$a9789460040146
=040  \\$aOI
=100  \\$aVeltman-van den Bos, Ans J.$d-1943$915229
=245  10$aPar amitié :$bde vriendenrol van Petronella Moens /$cAns J. Veltman-van den Bos & Jan de Vet.
=260  \\$aNijmegen :$bVantilt,$cc2009.
=300  \\$a479 p. :$bill. ;$c23 cm.
=504  \\$aIncludes bibliographical references (p. 456-467) and index.
=600  \0$aMoens, Petronella$d1762-1843$1http://www.wikidata.org/entity/Q2142140$915230
=650  \0$aPoetry$1http://www.wikidata.org/entity/Q482$93026
=650  \0$aPoetry$1http://www.wikidata.org/entity/Q482$93026
=700  \\$aVet, J. J. V. M. de$d-1934$915231
=700  \\$aMoens, Petronella$d1762-1843$1http://www.wikidata.org/entity/Q2142140$915230
=942  \\$cBOO
=952  \\$00$10$40$70$912899$aORPH$bORPH$cLOC_UNK$d2021-01-12$l0$p20129178$r2021-01-12 00:00:00$w2021-01-12$yTYPE_UNK$OKoopman
=999  \\$c12917$d12917
=648  \0$a19th Century (1801-1900)$1http://www.wikidata.org/entity/Q6955$920935
=650  \0$aPoetry$1http://www.wikidata.org/entity/Q482$93026

