=LDR  00406    a2200121   4500
=001  12933
=020  \\$a8846707753
=100  \\$aVerdelot, Philippe$d1470-1552$4cmp$1http://www.wikidata.org/entity/Q714219$915239
=245  \\$aMadrigali a sei voci
=260  \\$c2004
=942  \\$cSCO
=952  \\$00$10$40$70$8SCO$912915$aORPH$bORPH$cKTS1_P$d2021-01-12$l0$p20124268$r2021-01-12 00:00:00$w2021-01-12$ySCO$OW.2344
=999  \\$c12933$d12933

