=LDR  01152cam a22002654a 4500
=001  12939
=005  20250121142129.0
=008  091113s2009\\\\ne\a\\\\\b\\\\001\0\dut\\
=010  \\$a  2009521663
=020  \\$a9789087040925
=035  \\$a(CaONFCNI)ny10903362
=041  \\$adut
=100  \\$aVerhoeven, Gerrit$d-1980$4aut$915243
=245  10$aAnders reizen:$bevoluties in vroegmoderne reiservaringen van Hollandse en Brabantse elites (1600-1750)
=260  \\$aHilversum$bVerloren$c2009
=300  \\$a416 p. :$bill. ;$c24 cm.
=504  \\$aIncludes bibliographical references (p. [374]-409) and indexes.
=648  \0$a17th Century (1601-1700)$1http://www.wikidata.org/entity/Q7016$920923
=648  \0$a18th Century (1701-1800)$1http://www.wikidata.org/entity/Q7015$920899
=651  \0$aNetherlands$1http://www.wikidata.org/entity/Q55$9173
=651  \0$aFlanders (Belgium)$1http://www.wikidata.org/entity/Q234$989
=942  \\$cBOO
=952  \\$00$10$2ddc$40$70$8TOP$912921$aORPH$bORPH$cKTS0$d2021-01-12$eKoopman$i42A08$l0$p20122145$r2021-01-12 00:00:00$w2021-01-12$yBOO
=999  \\$c12939$d12939
=650  \0$aTravel$1http://www.wikidata.org/entity/Q61509$94440

