=LDR  00352    a2200121   4500
=001  12940
=020  \\$a9789081818902
=100  \\$aVerhoeven, G.$915244
=245  \\$aDe Hollandse Mercurius
=260  \\$c2011
=942  \\$cBOO
=952  \\$00$10$40$70$912922$aORPH$bORPH$cLOC_UNK$d2021-01-12$l0$p20120091$r2021-01-12 00:00:00$w2021-01-12$yTYPE_UNK$OKoopman
=999  \\$c12940$d12940

