=LDR  00944aam a2200217   4500
=001  12944
=005  20250925143300.0
=008  230509s1953\\\\||||||||\m|||\00|\0\dut\d
=041  \\$adut
=100  1\$aVermeeren, Petrus Josephus Henricus$d1913-1974$4aut$915249
=245  \\$aDe Bibliotheca Neerlandia Manuscripta van Willem de Vreese
=260  \\$c1953$aUtrecht$bDe lanteern
=300  \\$aii-243 pages
=600  10$1http://www.wikidata.org/entity/Q29019503$aVreese, Willem de$d1869-1938$926161
=648  \0$1http://www.wikidata.org/entity/Q6927$a20th Century (1901-2000)$920936
=650  \0$1http://www.wikidata.org/entity/Q7075$aLibrary$94229
=650  \0$1http://www.wikidata.org/entity/Q87167$aManuscript$92275
=651  \0$1http://www.wikidata.org/entity/Q727$aAmsterdam (Netherlands)$9135
=942  \\$cDIS
=952  \\$00$10$40$70$912926$aORPH$bORPH$cLOC_UNK$d2021-01-12$l0$p20120549$r2021-01-12 00:00:00$w2021-01-12$yTYPE_UNK$OKoopman
=999  \\$d12944

