=LDR  00358    a2200121   4500
=001  12949
=020  \\$a9030400641
=100  \\$aVerspaandonk, J. A. J.$915253
=245  \\$aHet Hemels Prentenboek
=260  \\$c1975
=942  \\$cBOO
=952  \\$00$10$40$70$912931$aORPH$bORPH$cLOC_UNK$d2021-01-12$l0$p20120799$r2021-01-12 00:00:00$w2021-01-12$yTYPE_UNK$OKoopman
=999  \\$c12949$d12949

