=LDR  00761aam a2200169   4500
=001  12959
=008  210308s1963\\\\be\|||||\||||\00|\0\dut\d
=041  \\$adut
=100  \\$aVestdijk, Simon$d1898-1971$4aut$1http://www.wikidata.org/entity/Q437782$915259
=245  \\$aHoe schrijft men over muziek?$bOpstellen over muziek
=260  \\$c1963$aAmsterdam$bDe Bezige Bij
=300  \\$a264 pages
=500  \\$aAlso published in the series: S. Vestdijk: Verzamelde muziekessays (N°8) by publishing house Meulenhoff
=650  \0$aMusic criticism$1http://www.wikidata.org/entity/Q11748889$921598
=942  \\$cBOO
=952  \\$00$10$2ddc$40$6TRE_VEST$70$8TRE$912941$aORPH$bORPH$cKTS1_H$d2021-01-12$eKoopman$i24D51$l0$oTRE VEST$p20129080$r2021-01-12 00:00:00$w2021-01-12$yBOO
=999  \\$d12959

