=LDR  01684cam a2200325 a 4500
=001  12960
=005  20251003085459.0
=008  890830s1988\\\\nl\a\\\\\b\\\\000\0\dut\\
=041  0\$adut$aeng
=100  \\$aVester, Frans$d1922-1987$1http://www.wikidata.org/entity/Q2249014$4aut$915260
=245  10$aCatalogus van de Nederlandse fluitliteratuur
=246  \1$aCatalogue of Dutch Flute Literature
=260  \\$aBuren$bKnuf$c1988
=300  \\$a294 pages$bill. ;$c24 cm.
=336  \\$aprinted
=490  \\$aThe Flute Library$vVolume 12
=500  \\$aCatalogue of Dutch flute repertoire
=504  \\$aIncludes bibliographical references (p. [275]-279).
=590  \\$aConcerten voor en met fluit(en) en orkest; kamermuziek voor en met fluit(en) tot een maximum van tien uitvoerenden en werk voor stem(men) en/of koor met een instrumentaal ensemble waaronder fluit(en) tot een maximum van tien spelers
=648  \0$a17th Century (1601-1700)$1http://www.wikidata.org/entity/Q7016$920923
=648  \0$a18th Century (1701-1800)$1http://www.wikidata.org/entity/Q7015$920899
=648  \0$a19th Century (1801-1900)$1http://www.wikidata.org/entity/Q6955$920935
=650  \0$aCatalogue$1http://www.wikidata.org/entity/Q2352616$921484
=650  \0$aBibliography$1http://www.wikidata.org/entity/Q134995$93965
=650  \0$aFlute$1http://www.wikidata.org/entity/Q11405$921276
=651  \0$aNetherlands$1http://www.wikidata.org/entity/Q55$9173
=700  \\$aReede, Rien de$4edt$915261
=942  \\$cBOO
=952  \\$00$10$2ddc$40$6INS_6_000000000000000_2D_VEST$70$8INS$912942$aORPH$bORPH$cKTS0$d2021-01-12$eKoopman$i19F29$oINS6.2d VEST$p20125243$r2021-01-12 00:00:00$w2021-01-12$yBOO
=999  \\$d12960

