=LDR  00381    a2200109   4500
=001  12964
=100  \\$aViadana, Lodovico da$dc. 1560-1627$4cmp$1http://www.wikidata.org/entity/Q555930$915264
=245  \\$aSinfonie Musicali
=260  \\$c1966
=942  \\$cSCO
=952  \\$00$10$40$70$8SCO$912946$aORPH$bORPH$cKTS1_P$d2021-01-12$l0$p20124055$r2021-01-12 00:00:00$w2021-01-12$ySCO$OW.1411
=999  \\$c12964$d12964

