=LDR  01772cam a22002774a 4500
=001  12965
=005  20251103124736.0
=008  080111s2008\\\\nyua\\\\\b\\\\001\0\eng\\
=020  \\$a9781580460347 (hardcover : alk. paper)
=020  \\$a1580460348
=040  \\$aOI
=100  \\$aVial, Stephanie D.$4aut$916072
=245  14$aThe Art of Musical Phrasing in the Eighteenth Century: Punctuating the Classical Period
=260  \\$aRochester$bUniversity of Rochester Press$c2008
=300  \\$axvi, 358 p. :$bill. ;$c24 cm.
=490  0\$aEastman Studies in Music$x1071-9989$vvol. 55
=504  \\$aIncludes bibliographical references (p. [325]-341) and index.
=505  0\$aEstablishing an historical perspective. Musical punctuation, the analogy ; A surprisingly complex and lively picture of pointing theory ; Musical "resting points of the spirit" --  The art of interpreting rests. Written and unwritten rests ; Punctuation vs. articulation ; Affective punctuation  -- Case studies in musical punctuation. Musical prose: F.W. Marpurg's essay on the punctuation of recitative ; Musical verse: Johann Mattheson's "curious specimen" of a punctuated minuet.
=650  \0$aHistorically informed performance$1http://www.wikidata.org/entity/Q1344860$920980
=650  \0$aMusical interpretation$1http://www.wikidata.org/entity/Q1668139$94533
=650  \0$aNotation$1http://www.wikidata.org/entity/Q233861$91964
=856  \\$uhttp://www.loc.gov/catdir/toc/ecip088/2008000925.html$3Table of contents only
=942  \\$cBOO$2ddc
=952  \\$00$10$2ddc$40$6GHM_5_000000000000000$70$8GHM$912947$aORPH$bORPH$cKM12_1$d2021-01-12$l0$oGHM 5$p20120215$r2021-01-12 00:00:00$w2021-01-12$yBOO
=999  \\$c12965$d12965
=648  \0$a18th Century (1701-1800)$1http://www.wikidata.org/entity/Q7015$920899

