=LDR  01570cam a2200373 a 4500
=001  12972
=005  20250120115852.0
=008  990918s1999\\\\gw\a\\\\\bc\\s001\0\eng\d
=010  \\$a   99478445 
=020  \\$a3927803294
=035  \\$a(OCoLC)ocm42430808
=040  \\$aOHX$cOHX$dNDD$dDLC
=041  1\$aeng$ager$hger
=042  \\$alccopycat
=043  \\$ae-ne---
=100  1\$aVignau-Wilberg, Thea.
=245  10$aO Musica du edle Kunst :$bMusik und Tanz im 16. Jahrhundert = Music for a while : music and dance in 16th-century prints /$cThea Vignau-Wilberg.
=246  31$aMusic for a while
=246  14$aMusica
=260  \\$a[München] :$bStaatliche Graphische Sammlung München,$c1999.
=300  \\$a222 p. :$bill. ;$c26 cm.
=546  \\$aGerman text and English translation in parallel columns.
=500  \\$aCatalog of an exhibition held at the Neue Pinakothek, Munich, July 7-Sept. 12, 1999.
=504  \\$aIncludes bibliographical references (p. 210-[219]) and index.
=650  \0$aMusic in art$vExhibitions.
=650  \0$aDance in art$vExhibitions.
=650  \0$aPrints, Dutch$y16th century$vExhibitions.
=610  20$aStaatliche Graphische Sammlung München$vExhibitions.
=710  2\$aStaatliche Graphische Sammlung München.
=710  2\$aNeue Pinakothek (Munich, Germany)
=952  \\$00$10$2ddc$40$6VIS_VIGN$70$8VIS$912954$aORPH$bORPH$cKTS1_H$d2021-01-12$eKoopman$i23D18$l0$oVIS VIGN$p20128649$r2021-01-12 00:00:00$w2021-01-12$yBOO$OKoopman
=999  \\$c12972$d12972
=651  \0$aNetherlands$1http://www.wikidata.org/entity/Q55$9173
=942  \\$cBOO

