=LDR  01467aam a2200289   4500
=001  12985
=005  20251003085459.0
=008  250604s1967\\\\|||aof||\b|||\00|\0\fre\d
=041  \\$afre
=100  \\$aHautecoeur, Louis$940305$1http://www.wikidata.org/entity/Q3262148$4aut$d1884-1973
=245  \\$aArts et Artisans au temps de Louis XIV
=260  \\$c1967$aParis$bVincent, Fréal et Cie
=300  \\$a122 pages
=490  \\$aArts et Artisans de France 
=600  \0$aLouis XIV$cKing of France$d1638-1715$1http://www.wikidata.org/entity/Q7742$99829
=648  \0$a17th Century (1601-1700)$1http://www.wikidata.org/entity/Q7016$920923
=648  \0$a18th Century (1701-1800)$1http://www.wikidata.org/entity/Q7015$920899
=650  \0$aFine art$1http://www.wikidata.org/entity/Q219625$921579
=650  \0$aArchitecture$1http://www.wikidata.org/entity/Q12271$93185
=650  \0$aApplied arts$1http://www.wikidata.org/entity/Q2865882$921627
=650  \0$aPainter$1http://www.wikidata.org/entity/Q1028181$93914
=650  \0$aCatalogue$1http://www.wikidata.org/entity/Q2352616$1http://www.wikidata.org/entity/Q6941730$921484
=650  \0$aIconography$1http://www.wikidata.org/entity/Q208145$921259
=651  \0$aFrance$1http://www.wikidata.org/entity/Q142$9131
=942  \\$cBOO
=952  \\$00$10$2ddc$40$6TOP_FR_5_000000000000000$70$8TOP$912967$aORPH$bORPH$cKTS0$d2021-01-12$eKoopman$i20D39$l0$oTOP FR 5$p20125304$r2021-01-12 00:00:00$w2021-01-12$yBOO$OKoopman
=999  \\$d12985

