=LDR  00931aam a2200181   4500
=001  12986
=008  250120s1931\\\\|||a||||\||||\00|\0\fre\d
=041  \\$afre
=110  \\$aKoninklijke Bibliotheek van België / Bibliothèque royale 'Albert Ier' (Brussels, Belgium)$1http://www.wikidata.org/entity/Q383931$91442
=245  \\$aBibliothèque Royale de Belgique, Exposition de Reliures:$bII. Du XVIIe siècle a la fin du XIXe.
=260  \\$c1931$aBrussels$bKoninklijke Bibliotheek Albert I
=300  \\$a312 pages
=650  \0$aBookbinding$1http://www.wikidata.org/entity/Q240471$94369
=650  \0$aLibrary$1http://www.wikidata.org/entity/Q7075$94229
=651  \0$aBrussels (Belgium)$1http://www.wikidata.org/entity/Q239$937
=942  \\$cBOO
=952  \\$00$10$2ddc$40$6BIB_4_000000000000000_BE_BRU1$70$8BIB$912968$aORPH$bORPH$cKTS0$d2021-01-12$eKoopman$i33C21$l0$oBIB4 BE.BRU1$p20123005$r2021-01-12 00:00:00$w2021-01-12$yBOO$OKoopman
=999  \\$d12986

