=LDR  00386    a2200109   4500
=001  12999
=100  \\$aVivaldi, Antonio$d1678-1741$4cmp$1http://www.wikidata.org/entity/Q1340$911980
=245  \\$aConcerto in Do maggiore
=260  \\$cF.VIII/9
=942  \\$cSCO
=952  \\$00$10$40$70$8SCO$912981$aORPH$bORPH$cKTS1_P$d2021-01-12$l0$p20123994$r2021-01-12 00:00:00$w2021-01-12$ySCO$OW.1155-118
=999  \\$c12999$d12999

