=LDR  00424    a2200121   4500
=001  13001
=020  \\$a9790041905846
=100  \\$aVivaldi, Antonio$d1678-1741$4cmp$1http://www.wikidata.org/entity/Q1340$911980
=245  \\$aConcerto in Sib Maggiore per 4 vi
=260  \\$cRV.553
=942  \\$cSCO
=952  \\$00$10$40$70$8SCO$912983$aORPH$bORPH$cKTS1_P$d2021-01-12$l0$p20123992$r2021-01-12 00:00:00$w2021-01-12$ySCO$OW.1155-134
=999  \\$c13001$d13001

