=LDR  00424    a2200121   4500
=001  13002
=020  \\$a9790041905853
=100  \\$aVivaldi, Antonio$d1678-1741$4cmp$1http://www.wikidata.org/entity/Q1340$911980
=245  \\$aConcerto in Fa Maggiore per Violi
=260  \\$cRV.544
=942  \\$cSCO
=952  \\$00$10$40$70$8SCO$912984$aORPH$bORPH$cKTS1_P$d2021-01-12$l0$p20123991$r2021-01-12 00:00:00$w2021-01-12$ySCO$OW.1155-135
=999  \\$c13002$d13002

