=LDR  00415    a2200121   4500
=001  13004
=020  \\$a9790041905914
=100  \\$aVivaldi, Antonio$d1678-1741$4cmp$1http://www.wikidata.org/entity/Q1340$911980
=245  \\$aConcerto in Re Maggiore
=260  \\$cRV.582,
=942  \\$cSCO
=952  \\$00$10$40$70$8SCO$912986$aORPH$bORPH$cKTS1_P$d2021-01-12$l0$p20123989$r2021-01-12 00:00:00$w2021-01-12$ySCO$OW.1155-141
=999  \\$c13004$d13004

