=LDR  00424    a2200121   4500
=001  13005
=020  \\$a9790041907543
=100  \\$aVivaldi, Antonio$d1678-1741$4cmp$1http://www.wikidata.org/entity/Q1340$911980
=245  \\$aConcerto in Do maggiore per violo
=260  \\$cRV.400
=942  \\$cSCO
=952  \\$00$10$40$70$8SCO$912987$aORPH$bORPH$cKTS1_P$d2021-01-12$l0$p20123988$r2021-01-12 00:00:00$w2021-01-12$ySCO$OW.1155-204
=999  \\$c13005$d13005

