=LDR  00424    a2200121   4500
=001  13008
=020  \\$a9790041908311
=100  \\$aVivaldi, Antonio$d1678-1741$4cmp$1http://www.wikidata.org/entity/Q1340$911980
=245  \\$aConcerto in Sol maggiore per viol
=260  \\$cRV.413
=942  \\$cSCO
=952  \\$00$10$40$70$8SCO$912990$aORPH$bORPH$cKTS1_P$d2021-01-12$l0$p20123985$r2021-01-12 00:00:00$w2021-01-12$ySCO$OW.1155-231
=999  \\$c13008$d13008

