=LDR  00424    a2200121   4500
=001  13010
=020  \\$a9790041908496
=100  \\$aVivaldi, Antonio$d1678-1741$4cmp$1http://www.wikidata.org/entity/Q1340$911980
=245  \\$aConcerto in sol minore per 2 flau
=260  \\$cRV.576
=942  \\$cSCO
=952  \\$00$10$40$70$8SCO$912992$aORPH$bORPH$cKTS1_P$d2021-01-12$l0$p20123983$r2021-01-12 00:00:00$w2021-01-12$ySCO$OW.1155-249
=999  \\$c13010$d13010

