=LDR  00392    a2200109   4500
=001  13012
=100  \\$aVivaldi, Antonio$d1678-1741$4cmp$1http://www.wikidata.org/entity/Q1340$911980
=245  \\$aConcerto in Mi-moll maggiore
=260  \\$cF.VIII/27
=942  \\$cSCO
=952  \\$00$10$40$70$8SCO$912994$aORPH$bORPH$cKTS1_P$d2021-01-12$l0$p20123982$r2021-01-12 00:00:00$w2021-01-12$ySCO$OW.1155-273
=999  \\$c13012$d13012

