=LDR  00425    a2200121   4500
=001  13014
=020  \\$a9790041909622
=100  \\$aVivaldi, Antonio$d1678-1741$4cmp$1http://www.wikidata.org/entity/Q1340$911980
=245  \\$aConcerto in Re maggiore per violi
=260  \\$cF.I/136
=942  \\$cSCO
=952  \\$00$10$40$70$8SCO$912996$aORPH$bORPH$cKTS1_P$d2021-01-12$l0$p20123981$r2021-01-12 00:00:00$w2021-01-12$ySCO$OW.1155-312
=999  \\$c13014$d13014

