=LDR  00426    a2200121   4500
=001  13015
=020  \\$a9790041909684
=100  \\$aVivaldi, Antonio$d1678-1741$4cmp$1http://www.wikidata.org/entity/Q1340$911980
=245  \\$aConcerto in Do maggiore per 2 fla
=260  \\$cF.XII/37
=942  \\$cSCO
=952  \\$00$10$40$70$8SCO$912997$aORPH$bORPH$cKTS1_P$d2021-01-12$l0$p20123980$r2021-01-12 00:00:00$w2021-01-12$ySCO$OW.1155-318
=999  \\$c13015$d13015

