=LDR  00385    a2200109   4500
=001  13016
=100  \\$aVivaldi, Antonio$d1678-1741$4cmp$1http://www.wikidata.org/entity/Q1340$911980
=245  \\$aConcerto in La maggiore
=260  \\$cF.I/139
=942  \\$cSCO
=952  \\$00$10$40$70$8SCO$912998$aORPH$bORPH$cKTS1_P$d2021-01-12$l0$p20123979$r2021-01-12 00:00:00$w2021-01-12$ySCO$OW.1155-319
=999  \\$c13016$d13016

