=LDR  00424    a2200121   4500
=001  13017
=020  \\$a9790041909707
=100  \\$aVivaldi, Antonio$d1678-1741$4cmp$1http://www.wikidata.org/entity/Q1340$911980
=245  \\$aConcerto in Re minore per viola d
=260  \\$cRV.540
=942  \\$cSCO
=952  \\$00$10$40$70$8SCO$912999$aORPH$bORPH$cKTS1_P$d2021-01-12$l0$p20123978$r2021-01-12 00:00:00$w2021-01-12$ySCO$OW.1155-320
=999  \\$c13017$d13017

