=LDR  00424    a2200121   4500
=001  13019
=020  \\$a9790041910819
=100  \\$aVivaldi, Antonio$d1678-1741$4cmp$1http://www.wikidata.org/entity/Q1340$911980
=245  \\$aConcerto in Re Maggiore per 4 Vio
=260  \\$cF.IV:7
=942  \\$cSCO
=952  \\$00$10$40$70$8SCO$913001$aORPH$bORPH$cKTS1_P$d2021-01-12$l0$p20123976$r2021-01-12 00:00:00$w2021-01-12$ySCO$OW.1155-406
=999  \\$c13019$d13019

