=LDR  00394    a2200109   4500
=001  13021
=100  \\$aVivaldi, Antonio$d1678-1741$4cmp$1http://www.wikidata.org/entity/Q1340$911980
=245  \\$aConcerto in Fa Maggiore per 4 vio
=260  \\$cRV.567
=942  \\$cSCO
=952  \\$00$10$40$70$8SCO$913003$aORPH$bORPH$cKTS1_P$d2021-01-12$l0$p20123974$r2021-01-12 00:00:00$w2021-01-12$ySCO$OW.1155-412
=999  \\$c13021$d13021

