=LDR  00383    a2200109   4500
=001  13026
=100  \\$aVivaldi, Antonio$d1678-1741$4cmp$1http://www.wikidata.org/entity/Q1340$911980
=245  \\$aConcerto in Re minore
=260  \\$cF.VIII/5
=942  \\$cSCO
=952  \\$00$10$40$70$8SCO$913008$aORPH$bORPH$cKTS1_P$d2021-01-12$l0$p20124000$r2021-01-12 00:00:00$w2021-01-12$ySCO$OW.1155-67
=999  \\$c13026$d13026

