=LDR  00377    a2200109   4500
=001  13029
=100  \\$aVivaldi, Antonio$d1678-1741$4cmp$1http://www.wikidata.org/entity/Q1340$911980
=245  \\$aTrio in sol minore
=260  \\$cRV.85
=942  \\$cSCO
=952  \\$00$10$40$70$8SCO$913011$aORPH$bORPH$cKTS1_P$d2021-01-12$l0$p20123997$r2021-01-12 00:00:00$w2021-01-12$ySCO$OW.1155-75
=999  \\$c13029$d13029

