=LDR  01158aam a2200229   4500
=001  13036
=008  230509s2003\\\\||||||||\||||\00|\0\dut\d
=020  \\$a9061719399
=041  \\$adut
=100  \\$aVlagsma, Auke H.$d-1939$915319$4aut
=245  \\$aDe Friese orgels tussen 1500 en 1750:$been onderzoek naar de geschiedenis en de bouw van de orgels, de kasarchitectuur, de orgelmakers en de organisten
=260  \\$c2003$aLeeuwarden$bFryske Akademy
=300  \\$a530 pages
=648  \0$1http://www.wikidata.org/entity/Q7017$a16th Century (1501-1600)$920944
=648  \0$1http://www.wikidata.org/entity/Q7016$a17th Century (1601-1700)$920923
=648  \0$1http://www.wikidata.org/entity/Q7015$a18th Century (1701-1800)$920899
=650  \0$1http://www.wikidata.org/entity/Q1444$aOrgan$92810
=650  \0$1http://www.wikidata.org/entity/Q846047$aMusic history$921373
=651  \0$1http://www.wikidata.org/entity/Q770$aFriesland (Netherlands)$921961
=942  \\$cBOO
=952  \\$00$10$2ddc$40$6INS_3_000000000000000_1E_NL_FRI$70$8INS$913018$aORPH$bORPH$cKTS0$d2021-01-12$eKoopman$l0$oINS3.1e NL.FRI$p20120003$r2021-01-12 00:00:00$w2021-01-12$yBOO$OKoopman
=999  \\$d13036

