=LDR  00378    a2200109   4500
=001  13050
=100  \\$aVolbach, Fritz$d1861-1940$97447
=245  \\$aIl tessuto nell'arte antica
=260  \\$c1966
=942  \\$cBOO
=952  \\$00$10$2ddc$40$6VIS_VOLB$70$8VIS$913032$aORPH$bORPH$cKTS1_H$d2021-01-12$eKoopman$i43G08$l0$oVIS VOLB$p20126801$r2021-01-12 00:00:00$w2021-01-12$yBOO$OKoopman
=999  \\$c13050$d13050

