=LDR  00915    a2200205   4500
=001  13064
=008  220118s1964\\\\\\\|||||\||||\00|\i\fre\d
=041  \\$afre
=100  \\$aVoltaire$d1694-1778$4aut$1http://www.wikidata.org/entity/Q9068$95159
=245  \\$aLettres philosophiques
=260  \\$aParis$bGarnier Flammarion$c1964
=648  \0$a18th Century (1701-1800)$1http://www.wikidata.org/entity/Q7015$920899
=650  \0$aCorrespondence$1http://www.wikidata.org/entity/Q1784733$921392
=650  \0$aPhilosophy$1http://www.wikidata.org/entity/Q5891$92357
=650  \0$aEnlightenment$1http://www.wikidata.org/entity/Q12539$94532
=651  \0$aFrance$1http://www.wikidata.org/entity/Q142$9131
=700  \\$4edt$aPomeau, René$916827
=942  \\$cBOO
=952  \\$00$10$2ddc$40$6PHI_VOLT_A$70$8PHI$913046$aORPH$bORPH$cKM12_3_2$d2021-01-12$eKoopman$i40H22$oPHI VOLT a$p20122199$r2021-01-12 00:00:00$w2021-01-12$yBOO
=999  \\$d13064

