=LDR  01014cam a22002534a 4500
=001  13078
=005  20250120120125.0
=008  070717s2007\\\\ne\a\\\\\b\\\\001\0\dut\\
=020  \\$a9065509577
=020  \\$a9789065509574
=040  \\$aOI
=041  0\$adut$beng
=100  \\$aVrieler, Joost$d-1978$915353
=245  14$aHet poëtisch accent :$bdrie literaire genres in zeventiende-eeuwse Nederlandse pamfletten /$cJoost Vrieler.
=260  \\$aHilversum :$bUitgeverij Verloren,$c2007.
=300  \\$a278 p. :$bill. ;$c24 cm.
=546  \\$aSummary in English.
=504  \\$aIncludes bibliographical references (p. [207]-214) and index.
=650  \0$aPoetry$zNetherlands$xHistory.$1http://www.wikidata.org/entity/Q482$93026
=942  \\$cBOO
=952  \\$00$10$40$70$913060$aORPH$bORPH$cLOC_UNK$d2021-01-12$l0$p20120467$r2021-01-12 00:00:00$w2021-01-12$yTYPE_UNK$OKoopman
=999  \\$c13078$d13078
=651  \0$aNetherlands$1http://www.wikidata.org/entity/Q55$9173
=650  \0$aPoetry$1http://www.wikidata.org/entity/Q482$93026

