=LDR  01164cam a22002894a 4500
=001  13079
=005  20250120115852.0
=008  061012s2004\\\\ne\a\\\\\b\\\\001\0\dut\d
=010  \\$a  2007358955
=020  \\$a9040089485
=035  \\$a(CStRLIN)MAHA06-B1520
=040  \\$aNNFr$cNNFr$dDNGA$dDLC
=041  0\$adut$beng
=042  \\$alccopycat
=043  \\$ae-ne---
=100  \\$aVries, Annette de$d-1962$915354
=245  10$aIngelijst werk :$bde verbeelding van arbeid en beroep in de vroegmoderne Nederlanden /$cAnnette de Vries.
=246  30$aVerbeelding van arbeid en beroep in de vroegmoderne Nederlanden
=260  \\$aZwolle :$bWaanders,$cc2004.
=300  \\$a304 p. :$bill. (some col.) ;$c24 cm.
=504  \\$aIncludes bibliographical references (p. 288-300) and index.
=648  \0$a17th Century (1601-1700)$1http://www.wikidata.org/entity/Q7016$920923
=650  \0$aFine art$1http://www.wikidata.org/entity/Q219625$921579
=651  \0$aNetherlands$1http://www.wikidata.org/entity/Q55$9173
=942  \\$cBOO
=952  \\$00$10$40$70$913061$aORPH$bORPH$cLOC_UNK$d2021-01-12$l0$p20120558$r2021-01-12 00:00:00$w2021-01-12$yTYPE_UNK$OKoopman
=999  \\$c13079$d13079

