=LDR  00340    a2200109   4500
=001  13080
=100  \\$aVries, Anne de$d-1944$914692
=245  \\$aSchilderkunst in Florence tussen
=260  \\$c2004
=942  \\$cBOO
=952  \\$00$10$40$70$913062$aORPH$bORPH$cLOC_UNK$d2021-01-12$l0$p20120466$r2021-01-12 00:00:00$w2021-01-12$yTYPE_UNK$OKoopman
=999  \\$c13080$d13080

