=LDR  00382    a2200121   4500
=001  13081
=020  \\$a9070386135
=100  \\$aVries, Ed de$918778
=245  \\$aMoments Musicaux
=260  \\$c1988
=942  \\$cBOO
=952  \\$00$10$2ddc$40$6VIS_OLOF$70$8VIS$913063$aORPH$bORPH$cKTS1_H$d2021-01-12$eKoopman$i32G29$l0$oVIS OLOF$p20122795$r2021-01-12 00:00:00$w2021-01-12$yBOO$OKoopman
=999  \\$c13081$d13081

