=LDR  00345    a2200121   4500
=001  13093
=020  \\$a9789070108939
=100  \\$aVrolijk, A.$915364
=245  \\$aTurcksche boucken
=260  \\$c2012
=942  \\$cBOO
=952  \\$00$10$40$70$913075$aORPH$bORPH$cLOC_UNK$d2021-01-12$l0$p20127008$r2021-01-12 00:00:00$w2021-01-12$yTYPE_UNK$OKoopman
=999  \\$c13093$d13093

