=LDR  01631aam a2200277   4500
=001  13100
=005  20251003085459.0
=008  230307s1981\\\\|||g||||\||||\00|\0\ger\d
=020  \\$a3873280337
=041  \\$ager
=100  \\$aWackernagel, Bettina$918227$4aut
=245  \\$aBayerische Staatsbibliothek, Katalog der Musikhandschriften$n3$pCollectio musicalis Maximilianea
=260  \\$c1981$aMunich$bHenle
=300  \\$a112 pages
=490  \\$aKataloge Bayerischer Musiksammlungen$v5,3
=500  \\$aIn 1833 King Ludwig I of Bavaria sent his Hofkapellmeister Johann Kaspar Aiblinger to Italy to acquire music. The collection he brought back is mainly sacred music from Rome. As 'Collectio Musicalis Maximilianea' it was added to the 'Königliche Hof- und Staatbibliothek' in Munich, right after Aiblingers return. 
=600  \0$aAiblinger, Johann Kaspar$d1779-1867$1http://www.wikidata.org/entity/Q69691$940071
=650  \0$aCatalogue$1http://www.wikidata.org/entity/Q2352616$921484
=650  \0$aManuscript$1http://www.wikidata.org/entity/Q87167$92275
=650  \0$aChurch music$1http://www.wikidata.org/entity/Q8812109$1http://www.wikidata.org/entity/Q1065742$92283
=651  \0$aRome (Italy)$1http://www.wikidata.org/entity/Q220$949
=651  \0$aMunich (Germany)$1http://www.wikidata.org/entity/Q1726$9268
=710  \\$aBayerische Staatsbibliothek (Munich, Germany)$1http://www.wikidata.org/entity/Q256507$91333
=942  \\$cBOO
=952  \\$00$10$2ddc$40$6BIB_4_000000000000000_DE_MUN1$70$8BIB$913082$aORPH$bORPH$cKTS0$d2021-01-12$eKoopman$l0$oBIB4 DE.MUN1$p20127603$r2021-01-12 00:00:00$w2021-01-12$yBOO$OKoopman
=999  \\$d13100

