=LDR  00628    a2200181   4500
=001  13106
=003  OSt
=005  20230123100330.0
=008  210209b\\\\\\\\\\\|||||\||||\00|\0\eng\d
=040  \\$cST
=041  \\$ager
=100  \\$aWagener, H.$4aut$915378
=245  \\$aDie Begleitung des gregorianischen Chorals im neunzehnten Jahrhundert
=260  \\$c1964$aRegenburg$bGustav Bosse Verlag
=300  \\$a170 pages text,  49 pages score
=942  \\$cBOO$2ddc
=952  \\$00$10$2ddc$40$6GEN_2_000000000000000$70$8GEN$913088$aORPH$bORPH$cKM12_1$d2021-01-12$eKoopman$l0$oGEN 2$p20127144$r2021-01-12 00:00:00$w2021-01-12$yBOO
=999  \\$c13106$d13106

