=LDR  01015aam a2200205   4500
=001  13120
=008  250428s1967\\\\||||||||\b|||\001\0dger\d
=041  \\$ager
=100  \\$aWalter, Horst$d1931-2016$1http://www.wikidata.org/entity/Q112473334$915396
=245  \\$aMusikgeschichte der Stadt Lüneburg.$bVom Ende des 16.  bis zum Anfang des 18. Jahrhunderts
=260  \\$c1967$aTutzing$bSchneider
=300  \\$a333 pages
=648  \0$a16th Century (1501-1600)$1http://www.wikidata.org/entity/Q7017$920944
=648  \0$a17th Century (1601-1700)$1http://www.wikidata.org/entity/Q7016$920923
=648  \0$a18th Century (1701-1800)$1http://www.wikidata.org/entity/Q7015$920899
=650  \0$aMusic history$1http://www.wikidata.org/entity/Q846047$921373
=651  \0$aLüneburg (Germany)$1http://www.wikidata.org/entity/Q3920$922736
=942  \\$cBOO
=952  \\$00$10$2ddc$40$6TOP_DE_LUN$70$8TOP$913102$aORPH$bORPH$cKTS0$d2021-01-12$eKoopman$i21F35$l0$oTOP DE.LUN$p20125472$r2021-01-12 00:00:00$w2021-01-12$yBOO$OKoopman
=999  \\$d13120

