=LDR  01297ncm a2200301 a 4500
=001  13128
=005  20250821130544.0
=008  951104s1995\\\\enkfta\\\ehi\\\n\\\\\\\\d
=020  \\$a085249825X
=040  \\$aOI
=041  0\$heng
=100  \\$aWard, John$d1571-1638$4cmp$1http://www.wikidata.org/entity/Q447968$915406
=245  00$aConsort Music of Five and Six Parts /
=260  \\$aLondon$bStainer and Bell$c1995
=300  \\$axxxiv-147 pages$bfacsimiles$c33 cm
=490  \\$aMusica Britannica$v67
=504  \\$aIncludes bibliographical references.
=505  0\$aFor five viols. Fantasia no. 1-13 ; In nomine -- For six viols. Fantasia no. 1-7 ; In nomine no. 1-2.
=590  \\$atranscribed and edited by Ian Payne
=648  \0$a17th Century (1601-1700)$1http://www.wikidata.org/entity/Q7016$920923
=650  \0$aString quintet$1http://www.wikidata.org/entity/Q937364$94575
=650  \0$aString sextet$1http://www.wikidata.org/entity/Q36892$94576
=650  \0$aOrgan music$1http://www.wikidata.org/entity/Q2003283$91951
=651  \0$aUnited Kingdom$1http://www.wikidata.org/entity/Q21$9273
=700  \\$aPayne, Ian$4edt$915407
=942  \\$cSCO
=952  \\$00$10$40$70$8SCO$913110$aORPH$bORPH$cKTS1_P$d2021-01-12$l0$p20121629$r2021-01-12 00:00:00$w2021-01-12$ySCO$OW.0992-LXVII
=999  \\$d13128

