=LDR  01295aam a2200265   4500
=001  13130
=008  241218r18941970|||a||||\||||\00|\0\ger\d
=020  \\$a9060042638
=041  \\$ager
=100  \\$aWarnecke, F.$915409
=245  \\$aBücherzeichen (Ex-Libris) des XV. u. XVI. Jahrhunderts von Dürer, Burgmair, Beham, Virgil Solis, Jost Amman u. A.
=260  \\$c1970$aNieuwkoop$bDe Graaf
=300  \\$a16 + 100 pages$bfacs.; ill.
=534  \\$cBerlin, 1894.
=600  \0$aDürer, Albrecht$d1471-1528$1http://www.wikidata.org/entity/Q5580$915684
=600  \0$aBeham, Hans Sebald$d1500-1550$1http://www.wikidata.org/entity/Q507825$939342
=648  \0$a15th Century (1401-1500)$1http://www.wikidata.org/entity/Q7018$921015
=648  \0$a16th Century (1501-1600)$1http://www.wikidata.org/entity/Q7017$920944
=650  \0$aBookplate$1http://www.wikidata.org/entity/Q188456$926750
=650  \0$aCollecting$1http://www.wikidata.org/entity/Q208165$92117
=650  \0$aFine art$1http://www.wikidata.org/entity/Q219625$921579
=650  \0$aBook$1http://www.wikidata.org/entity/Q571$92285
=942  \\$cBOO
=952  \\$00$10$2ddc$40$6BIB_1_000000000000000_WARN$70$8BIB$913112$aORPH$bORPH$cKTS0$d2021-01-12$eKoopman$i38D03$l0$oBIB1 WARN$p20122405$r2021-01-12 00:00:00$w2021-01-12$yBOO$OKoopman
=999  \\$d13130

