=LDR  00820aam a2200205   4500
=001  13132
=008  240522s1904\\\\||||||||\||||\00|\0dger\d
=041  \\$ager
=100  \\$aWasielewski, W. J. v.$915411
=245  \\$aDie Violine und ihre Meister
=250  \\$a4th ed.
=260  \\$aLeipzig$bBreitkopf & Härtel$c1904
=300  \\$a[xiv]-651 pages
=534  \\$aoriginally published in 1868
=590  \\$aVierte, wesentlich vermehrte un verbesserte Auflage mit Abbildungen
=650  \0$aViolin$1http://www.wikidata.org/entity/Q8355$92783
=650  \0$aViolinist$1http://www.wikidata.org/entity/Q1259917$93278
=942  \\$cBOO
=952  \\$00$10$2ddc$40$6INS_4_000000000000000_1D_WASI$70$8INS$913114$aORPH$bORPH$cKTS0$d2021-01-12$eKoopman$i20B30$l0$oINS4.1d WASI$p20127974$r2021-01-12 00:00:00$w2021-01-12$yBOO$OKoopman
=999  \\$d13132

