=LDR  01745aam a2200241   4500
=001  13136
=005  20251002110206.0
=008  250910s1969\\\\|||hf|||\||||\00|\0\eng\d
=041  \\$aeng
=100  \\$aWatson, A. G.$915414$4aut
=245  \\$aThe Manuscripts of Henry Savile of Banke
=260  \\$aLondon$bBibliographical Society$c1969
=300  \\$a102 pages
=500  \\$aHenry Savile of Banke (1568 – 29 April 1617) was an English manuscript and book collector. He was the son of Henry Savile of Blaithroyd, in Southowram, Halifax and a distant relative of Sir Henry Savile (1549–1622).[1] He was admitted to Merton College and St Alban Hall, Oxford, becoming BA in 1592 and MA in 1595. He was licensed to practice physic in 1601.[1] Very little is known of his life except for his manuscript collection. Many of his manuscripts later became part of such collections like that of Sir Robert Cotton (1571–1631), including one of the most important Middle English manuscripts, the Pearl Manuscript. [wikipedia]
=600  \0$aSavile of Banke, Henry$d1568-1617$1http://www.wikidata.org/entity/Q19325955$941502
=648  \0$a15th Century (1401-1500)$1http://www.wikidata.org/entity/Q7018$921015
=648  \0$a16th Century (1501-1600)$1http://www.wikidata.org/entity/Q7017$920944
=650  \0$aManuscript$1http://www.wikidata.org/entity/Q87167$92275
=650  \0$aCollecting$1http://www.wikidata.org/entity/Q208165$92117
=651  \0$aUnited Kingdom$1http://www.wikidata.org/entity/Q21$1http://www.wikidata.org/entity/Q145$9273
=942  \\$cBOO
=952  \\$00$10$2ddc$40$6BIB_4_000000000000000_GB_LON$70$8BIB$913118$aORPH$bORPH$cKTS0$d2021-01-12$eKoopman$i43B29$l0$oBIB4 GB.LON$p20127223$r2021-01-12 00:00:00$w2021-01-12$yBOO$OKoopman
=999  \\$d13136

