=LDR  01319cam a2200253 a 4500
=001  13140
=008  950714s1996\\\\\\\abg\\\b\\\\001\0\eng\|
=020  \\$a019816212X (cloth : acid-free paper)
=040  \\$aOI
=100  \\$aWebber, Geoffrey$1http://www.wikidata.org/entity/Q17198870$915195$4aut
=245  10$aNorth German church music in the age of Buxtehude
=260  \\$aOxford$bClarendon Press$aNew York$bOxford University Press$c1996
=300  \\$aviii-[iv]-236 pages
=490  \\$aOxford monographs on music
=500  \\$aKoopman's keyword-list shows interesting feature of hierarchy through single- and double underlinging, circling etc
=504  \\$aIncludes bibliographical references (p. [225]-231) and index.
=600  \0$aBuxtehude, Dietrich$d1637-1707$1http://www.wikidata.org/entity/Q153637$910062
=648  \0$a17th Century (1601-1700)$1http://www.wikidata.org/entity/Q7016$920923
=650  \0$aChurch music$1http://www.wikidata.org/entity/Q8812109$92283
=650  \0$aMusic history$1http://www.wikidata.org/entity/Q846047$921373
=651  \0$aGermany$1http://www.wikidata.org/entity/Q183$9155
=942  \\$cBOO
=952  \\$00$10$2ddc$40$6TOP_DE_5_000000000000000$70$8TOP$913122$aORPH$bORPH$cKTS0$d2021-01-12$eKoopman$i21D35$l0$oTOP DE 5$p20128267$r2021-01-12 00:00:00$w2021-01-12$yBOO$OKoopman
=999  \\$d13140

