=LDR  01441cam a22003257a 4500
=001  13148
=005  20250120115914.0
=008  030521s2003\\\\ne\a\\\\\bc\\\000\0\dut\d
=010  \\$a  2003488390
=020  \\$a9040088160
=035  \\$a(DLC)13238196
=040  \\$aMWiCA$cMWiCA$dDLC
=042  \\$alccopycat
=043  \\$ae-ne---$ae-be---$af-sa---
=245  00$aKunst uit de Kaap :$bHollandse en Vlaamse meesterwerken uit de Michaelis Collectie te Kaapstad /$cD.H. van Wegen.
=260  \\$aZwolle :$bWaanders,$cc2003.
=300  \\$a48 p. :$bill. (some col.) ;$c22 cm.
=504  \\$aIncludes bibliographical references (p. 48)
=610  \0$aMichaelis Collection (Cape Town, South Africa)$1http://www.wikidata.org/entity/Q13035451$91793
=648  \0$a17th Century (1601-1700)$1http://www.wikidata.org/entity/Q7016$920923
=650  \0$aFine art$1http://www.wikidata.org/entity/Q219625$921579
=651  \0$aNetherlands$1http://www.wikidata.org/entity/Q55$9173
=651  \0$aFlanders (Belgium)$1http://www.wikidata.org/entity/Q234$989
=700  \\$aWegen, D. H. van$915426
=700  1\$q(Derk Hendrik van)
=710  \\$aMichaelis Collection (Cape Town, South Africa)$1http://www.wikidata.org/entity/Q13035451$91793
=710  \\$aBonnefanten Museum (Maastricht, Netherlands)$91794
=942  \\$cBOO
=952  \\$00$10$40$70$913130$aORPH$bORPH$cLOC_UNK$d2021-01-12$l0$p20123250$r2021-01-12 00:00:00$w2021-01-12$yTYPE_UNK$OKoopman
=999  \\$d13148

