=LDR  00346    a2200109   4500
=001  13149
=100  \\$aWegener Sleeswijk,$915427
=245  \\$aVijftien jaar restauratie in de Oude kerk
=260  \\$c1970
=942  \\$cBOO
=952  \\$00$10$40$70$913131$aORPH$bORPH$cLOC_UNK$d2021-01-12$l0$p20126777$r2021-01-12 00:00:00$w2021-01-12$yTYPE_UNK$OKoopman
=999  \\$c13149$d13149

