=LDR  00996aam a2200217   4500
=001  13153
=005  20250929164742.0
=008  250929s1963\\\\|||ao|||\b|||\001\0\ger\d
=041  \\$ager
=100  \\$aWegner, Max$d1902-1998$1http://www.wikidata.org/entity/Q1913595$915433$4aut
=245  \\$aGriechenland
=260  \\$c1963$aLeipzig$bDeutscher Verlag für Musik 
=300  \\$a144 pages
=490  \\$aMusikgeschichte in Bildern$vII: Musik des Altertums - Lieferung 4
=648  \0$aClassical Antiquity (8th Century BC-6th Century AD)$1http://www.wikidata.org/entity/Q486761$921435
=650  \0$aIconography$1http://www.wikidata.org/entity/Q208145$921259
=650  \0$aMusic history$1http://www.wikidata.org/entity/Q846047$921373
=651  \0$aGreece$1http://www.wikidata.org/entity/Q41$921778
=942  \\$cBOO
=952  \\$00$10$2ddc$40$6TOP_GR_2_000000000000000$70$8TOP$913135$aORPH$bORPH$cKTS0$d2021-01-12$eKoopman$i25F15$l0$oTOP GR 2$p20129382$r2021-01-12 00:00:00$w2021-01-12$yBOO$OKoopman
=999  \\$d13153

