=LDR  00832cam a2200229 a 4500
=001  13154
=005  20250120120004.0
=008  880321s1987\\\\pl\gh\\\\b\\\\000\0\pol\\
=020  \\$a8304025973 :$czł200.00
=040  \\$aOI
=041  0\$apol$beng
=100  \\$aWęgrzyn-Klisowska, Walentyna$915434
=245  10$aMuzyka w dawnym Wrocławiu /$cWalentyna Węgrzyn-Klisowska.
=260  \\$aWrocław :$bZakład Narodowy im. Ossolińskich,$c1987.
=300  \\$a135 p. :$bfacsims., music ;$c24 cm.
=504  \\$aBibliography: p. [90]-93.
=650  \0$aMusic$92062
=942  \\$cBOO
=952  \\$00$10$40$70$913136$aORPH$bORPH$cLOC_UNK$d2021-01-12$l0$p20125390$r2021-01-12 00:00:00$w2021-01-12$yTYPE_UNK$OKoopman
=999  \\$c13154$d13154
=490  \\$aMonografie śląskie,$v38
=650  \0$aMusic history$1http://www.wikidata.org/entity/Q846047$921373

