=LDR  00349    a2200109   4500
=001  13155
=100  \\$aWeichlein, R.$4cmp$915435
=245  \\$aEncaenia Musices I
=260  \\$c1979
=942  \\$cSCO
=952  \\$00$10$40$70$8SCO$913137$aORPH$bORPH$cKTS1_P$d2021-01-12$l1$p20121829$q2025-05-14$r2025-04-16 17:14:31$s2025-04-16$w2021-01-12$ySCO$OW.1030-128
=999  \\$c13155$d13155

