=LDR  00350    a2200109   4500
=001  13156
=100  \\$aWeichlein, R.$4cmp$915435
=245  \\$aEncaenia Musices II
=260  \\$c1980
=942  \\$cSCO
=952  \\$00$10$40$70$8SCO$913138$aORPH$bORPH$cKTS1_P$d2021-01-12$l1$p20121831$q2025-05-14$r2025-04-16 17:14:45$s2025-04-16$w2021-01-12$ySCO$OW.1030-130
=999  \\$c13156$d13156

