=LDR  00875aam a2200205   4500
=001  13160
=008  241204b\\\\\\\\||||||||\||||\00|\0\ger\d
=041  \\$ager
=100  \\$915439$aWeinberger, G.$4aut
=245  \\$aWilhering. Stift und Kirche
=260  \\$aWilhering$bZisterzienserstift Wilhering
=300  \\$a[88 pages]
=610  \0$aCistercians$1http://www.wikidata.org/entity/Q166861$923733
=650  \0$aChurch$1http://www.wikidata.org/entity/Q16970$93776
=650  \0$aArchitecture$1http://www.wikidata.org/entity/Q12271$93185
=650  \0$aMonastery$1http://www.wikidata.org/entity/Q44613$926216
=651  \0$aWilhering (Austria)$1http://www.wikidata.org/entity/Q871451$939268
=942  \\$cBOO
=952  \\$00$10$2ddc$40$6TOP_AT_WIL$70$8TOP$913142$aORPH$bORPH$cKTS0$d2021-01-12$eKoopman$i18C37$l0$oTOP AT.WIL$p20127066$r2021-01-12 00:00:00$w2021-01-12$yBOO$OKoopman
=999  \\$d13160

