=LDR  01069aam a2200229   4500
=001  13168
=005  20251003085459.0
=008  250219s1950\\\\|||g||||\c|||\00|\0\ger\d
=041  \\$ager
=100  \\$aWelter, Friedrich$1http://www.wikidata.org/entity/Q52630993$915447
=245  \\$aKatalog der Musikalien der Ratsbücherei Lüneburg
=260  \\$c1950$aLippstadt$bKistner
=300  \\$a332 pages
=590  \\$aMit zahlreichen Notenbeispiele
=610  \0$aRatsbücherei Lüneburg (Germany)$1http://www.wikidata.org/entity/Q28733506$91397
=650  \0$aLibrary$1http://www.wikidata.org/entity/Q7075$94229
=650  \0$aCatalogue$1http://www.wikidata.org/entity/Q2352616$1http://www.wikidata.org/entity/Q6941730$921484
=650  \0$aMusic history$1http://www.wikidata.org/entity/Q846047$921373
=651  \0$aGermany$1http://www.wikidata.org/entity/Q183$9155
=942  \\$cBOO
=952  \\$00$10$2ddc$40$6BIB_4_000000000000000_DE_LUN$70$8BIB$913150$aORPH$bORPH$cKTS0$d2021-01-12$eKoopman$i19B06$l0$oBIB4 DE.LUN$p20125114$r2021-01-12 00:00:00$w2021-01-12$yBOO$OKoopman
=999  \\$d13168

