=LDR  00337    a2200109   4500
=001  13178
=100  \\$aWennekes, Emile$917791
=245  \\$aKoninklijk Conservatorium, 175 jaar
=260  \\$c2001
=942  \\$cBOO
=952  \\$00$10$40$70$913160$aORPH$bORPH$cLOC_UNK$d2021-01-12$l0$p20121423$r2021-01-12 00:00:00$w2021-01-12$yTYPE_UNK$OKoopman
=999  \\$c13178$d13178

