=LDR  00372    a2200109   4500
=001  13183
=100  \\$aWert, Giaches de$d1535-1596$4cmp$1http://www.wikidata.org/entity/Q591939$915457
=245  \\$aOpera omnia XIV
=260  \\$c1973
=942  \\$cSCO
=952  \\$00$10$40$70$8SCO$913165$aORPH$bORPH$cKTS1_P$d2021-01-12$l0$p20124221$r2021-01-12 00:00:00$w2021-01-12$ySCO$OW.0015
=999  \\$c13183$d13183

