=LDR  00601aam a2200169   4500
=001  13202
=008  240507s1992\\\\|||a||||\||||\00|\0\eng\d
=020  \\$a9780744518948
=041  \\$aeng
=100  \\$aWhistler, L.$915485$4aut
=245  \\$aPoint Engraving on Glass
=260  \\$aLondon$bWalker$c1992
=490  \\$aThe Decorative Arts Library
=650  \0$aApplied arts$1http://www.wikidata.org/entity/Q2865882$921627
=942  \\$cBOO
=952  \\$00$10$2ddc$40$6VIS_WHIS$70$8VIS$913184$aORPH$bORPH$cKTS1_H$d2021-01-12$eKoopman$i28E23$l0$oVIS WHIS$p20121411$r2021-01-12 00:00:00$w2021-01-12$yBOO$OKoopman
=999  \\$d13202

