=LDR  01517cam a2200301u  4500
=001  13205
=005  20251027125225.0
=008  821029s1855\\\\enk\\\\\a\\\\\000\0\eng\\
=040  \\$aOI
=041  \\$aeng
=100  \\$aWhitelocke, Bulstrode$d1605-1675/6$1http://www.wikidata.org/entity/Q4997158$4aut$920903
=245  12$aA Journal of the Swedish Embassy in the Years 1653 and 1654
=250  \\$aNew ed.
=260  \\$aLondon$bLongman, Brown, Green and Longmans$c1855
=300  \\$a2 vols. (xlvii-451+468-24 pages)
=600  \0$aChristina of Sweden$d1626-1689$1http://www.wikidata.org/entity/Q52937$921480
=648  \0$a17th Century (1601-1700)$1http://www.wikidata.org/entity/Q7016$920923
=650  \0$aHistory$1http://www.wikidata.org/entity/Q309$921403
=650  \0$aPolitics$1http://www.wikidata.org/entity/Q7163$921826
=650  \0$aDiary$1http://www.wikidata.org/entity/Q185598$921711
=651  \0$aSweden$1http://www.wikidata.org/entity/Q34$9275
=651  \0$aUnited Kingdom$1http://www.wikidata.org/entity/Q21$1http://www.wikidata.org/entity/Q145$9273
=700  1\$aMorton, Charles$d1716-1799$4edt$941662
=700  1\$aReeve, Henry$d1813-1895$4edt$941663
=942  \\$cBOO
=952  \\$00$10$2ddc$3Vol. 1$40$70$8RAR$913187$aORPH$bORPH$cKTS1_H$d2021-01-12$eKoopman$i46C10_01$l0$p20127654$r2021-01-12 00:00:00$w2021-01-12$yBOO$OKoopman
=952  \\$00$10$2ddc$3Vol. 2$40$70$8RAR$913188$aORPH$bORPH$cKTS1_H$d2021-01-12$eKoopman$i46C10_02$l0$p20127653$r2021-01-12 00:00:00$w2021-01-12$yBOO$OKoopman
=999  \\$d13205

