=LDR  00634    a2200193   4500
=001  13216
=003  OSt
=005  20230123101036.0
=008  210209b\\\\\\\\\\\|||||\||||\00|\0\eng\d
=020  \\$a9068530933
=040  \\$cST
=041  \\$ager
=100  \\$aWieck, F.$4aut$915499
=245  \\$aClavier und Gesang.$bDidaktisches und polemisches von Friedrich Wieck. Leipzig 1853
=260  \\$c1995$aPeer$bAlamire
=300  \\$aVI, 133 pages
=942  \\$cBOO$2ddc
=952  \\$00$10$2ddc$40$6GEN_10_000000000000000$70$8GEN$913198$aORPH$bORPH$cKM12_1$d2021-01-12$eKoopman$l0$oGEN 10$p20125506$r2021-01-12 00:00:00$w2021-01-12$yBOO
=999  \\$c13216$d13216

