=LDR  01749cam a2200289 a 4500
=001  13225
=005  20250926135309.0
=008  000304s2000\\\\gw\ab\\\\b\\\\001\0dger\d
=020  \\$a348711075X
=022  \\$a09478655
=041  \\$ager
=100  \\$aWiermann, Barbara$4edt$915509
=245  00$aCarl Philipp Emanuel Bach:$bDokumente zu Leben und Wirken aus der zeitgenössischen Hamburgischen Presse (1767-1790)
=260  \\$aHildesheim$aNew York$bOlms$c2000
=300  \\$a631 pages
=490  \\$aLeipziger Beiträge zur Bach-Forschung$v4
=504  \\$aIncludes bibliographical references and indexes.
=520  \\$aThe texts, compiled from three daily newspapers and various (scholarly) journals, provide new biographical details, document the progress of Bach's publication projects, provide insights into his activities as Hamburg's music director, convey a lively picture of the Hamburg concert scene and shed light on Bach's position in the musical life of his time.
=600  \0$aBach, Carl Philipp Emanuel$d1714-1788$1http://www.wikidata.org/entity/Q76428$99218
=648  \0$a18th Century (1701-1800)$1http://www.wikidata.org/entity/Q7015$920899
=650  \0$aMusic history$1http://www.wikidata.org/entity/Q846047$921373
=650  \0$aMusic criticism$1http://www.wikidata.org/entity/Q11748889$921598
=651  \0$aHamburg (Germany)$1http://www.wikidata.org/entity/Q1055$921940
=942  \\$cBOO
=952  \\$00$10$2ddc$40$6BIO_BACH2_D$70$8BIO$913207$aORPH$bORPH$cKTS1_P$d2020-07-08$eKoopman$i28E38$oBIO BACH2 d$p20121396$r2021-01-12 00:00:00$w2021-01-12$yBOO
=952  \\$00$10$2ddc$40$6BIO_BACH2_D$70$8BIO$923201$aORPH$bORPH$cKTS1_P$d2024-02-06$g14.00$l1$oBIO BACH2 d$p20146305$r2024-03-02 00:00:00$s2024-02-13$w2021-01-12$yBOO
=999  \\$d13225

