=LDR  01550nam a2200313 a 4500
=001  13232
=005  20250121142130.0
=008  870424s1986\\\\ne\a\\\\\b\\\\000\0\dut\\
=020  \\$a9030210117 :$cfl 57.75
=040  \\$aOI
=041  0\$adut$beng
=100  1\$aWijngaards, Guus N. M.$q(Guus Nicolaas Maria)
=245  14$aDe "Bibliothèque choisie" van Jean le Clerc (1657-1736) :$been Amsterdams geleerdentijdschrift uit de jaren 1703 tot 1713 /$cGuus N.M. Wijngaards.
=260  \\$aAmsterdam :$bAPA-Holland Universiteits Pers,$cc1986.
=300  \\$axv, 320 p. :$bill. ;$c23 cm.
=490  1\$aStudies van het Instituut voor Intellectuele Betrekkingen tussen de Westeuropese Landen in de Zeventiende Eeuw ;$v11
=500  \\$aOriginally presented as the author's thesis (doctoral-Nijmegen)
=504  \\$aBibliography: p. 291-301.
=500  \\$aSummary in English.
=630  00$aBibliothèque choisie.
=600  10$aLe Clerc, Jean,$d1657-1736.
=650  \0$aLearning and scholarship$xPeriodicals$xHistory$y18th century.
=650  \0$aBooks$xReviews$xPeriodicals$xHistory$y18th century.
=830  \0$aStudies van het Instituut voor Intellectuele Betrekkingen tussen de Westeuropese Landen in de Zeventiende Eeuw ;$vd. 11.
=952  \\$00$10$40$70$913214$aORPH$bORPH$cLOC_UNK$d2021-01-12$l0$p20120428$r2021-01-12 00:00:00$w2021-01-12$yTYPE_UNK$OKoopman
=999  \\$c13232$d13232
=648  \0$a18th Century (1701-1800)$1http://www.wikidata.org/entity/Q7015$920899
=650  \0$aMusic history$1http://www.wikidata.org/entity/Q846047$921373
=942  \\$cBOO

