=LDR  01356aam a2200241   4500
=001  13234
=005  20251021115648.0
=008  251021s1959\\\\|||afo||\||||\00|\0\dut\d
=041  \\$adut
=245  \\$aDertig eeuwen Mexicaanse kunst
=260  \\$c1959$aThe Hague$bHaags Gemeentemuseum
=300  \\$a52 pages$b37 plates
=500  \\$a'Dertig eeuwen Mexicaanse kunst' (Thirty Centuries of Mexican Art) was a major exhibition of Mexican art held at the Gemeentemuseum in The Hague from 26 June to 31 August 1959. The exhibition provided an overview of art from the earliest pre-Columbian periods to contemporary folk art traditions. 
=650  \0$aFine art$1http://www.wikidata.org/entity/Q219625$921579
=650  \0$aCultural history$1http://www.wikidata.org/entity/Q858517$922395
=650  \0$aFolklore$1http://www.wikidata.org/entity/Q36192$94595
=651  \0$aMexico$1http://www.wikidata.org/entity/Q96$921717
=700  \\$aWijsenbeek, L. J. F.$1http://www.wikidata.org/entity/Q2700958$4win$915517
=700  1\$aGamboa, Fernando$d1909-1990$1http://www.wikidata.org/entity/Q1406669$4aut$941632
=700  1\$aGerbrands, A. A.$d1917-1997$4aut$941633
=942  \\$cBOO
=952  \\$00$10$2ddc$40$6TOP_MX_0_000000000000000$70$8TOP$913216$aORPH$bORPH$cKTS0$d2021-01-12$eKoopman$i42E21$l0$oTOP MX 0$p20130198$r2021-01-12 00:00:00$w2021-01-12$yBOO$OKoopman
=999  \\$d13234

