=LDR  00327    a2200109   4500
=001  13243
=100  \\$aWillems, Alphonse$d1839-1912$915525
=245  \\$aLes Elzevier
=260  \\$c1962
=942  \\$cBOO
=952  \\$00$10$40$70$913224$aORPH$bORPH$cLOC_UNK$d2021-01-12$l0$p20121296$r2021-01-12 00:00:00$w2021-01-12$yTYPE_UNK$OKoopman
=999  \\$c13243$d13243

