=LDR  01126cam a2200253   4500
=001  13246
=005  20250910170719.0
=008  710421s1970\\\\enk\\\\\\bc\\\001\0\eng\\
=020  \\$a0714104639
=040  \\$aOI
=041  \\$aeng
=110  2\$aBritish Museum (London, United Kingdom)$1http://www.wikidata.org/entity/Q6373$91796
=245  10$aHandlist of music manuscripts acquired 1908-67
=260  \\$aLondon$bBritish Museum$c1970
=300  \\$avii -112 pages
=590  \\$a[prepared] by Pamela J. Willetts, assistant keeper department of manuscripts
=610  \0$aBritish Library (London, United Kingdom)$1http://www.wikidata.org/entity/Q23308$91593
=650  \0$aManuscript$1http://www.wikidata.org/entity/Q87167$92275
=650  \0$aMusic history$1http://www.wikidata.org/entity/Q846047$921373
=650  \0$aCollecting$1http://www.wikidata.org/entity/Q208165$92117
=700  \\$aWilletts, Pamela J.$915532
=942  \\$cBOO
=952  \\$00$10$2ddc$40$6BIB_3_000000000000000_GB_LON$70$8BIB$913227$aORPH$bORPH$cKTS0$d2021-01-12$eKoopman$i34A02$l0$oBIB3 GB.LON$p20122659$r2021-01-12 00:00:00$w2021-01-12$yBOO$OKoopman
=999  \\$d13246

