=LDR  01590aac a2200277   4500
=001  13251
=005  20250926134857.0
=008  220803m19801984|||g||||\||||\00|\0\eng\d
=020  \\$a0521270782
=041  \\$aeng
=100  \\$aWilliams, Peter$d1937-2016$4aut$915535
=245  \\$aThe Organ Music of J. S. Bach
=260  \\$aCambridge$bCambridge University Press$c1980
=300  \\$a3 vols.
=490  \\$aCambridge Studies in Music
=505  \\$gvol. 1: Preludes, Toccatas, Fantasias, Fugues, Sonatas, Concertos and Miscellaneous Pieces BWV.525-598, BWV.802-805, etc. -- vol. 2: Works based on Chorales BWV.599-771, etc. -- vol. 3: A Background
=600  \0$aBach, Johann Sebastian$d1685-1750$1http://www.wikidata.org/entity/Q1339$94766
=648  \0$a18th Century (1701-1800)$1http://www.wikidata.org/entity/Q7015$920899
=650  \0$aOrgan music$1http://www.wikidata.org/entity/Q2003283$91951
=650  \0$aMusical analysis$1http://www.wikidata.org/entity/Q1544924$92775
=651  \0$aGermany$1http://www.wikidata.org/entity/Q183$9155
=942  \\$cBOO
=952  \\$00$10$2ddc$3vol. 1$40$6BIO_BACH1_E$70$8BIO$913232$aORPH$bORPH$cKTS1_P$d2021-01-12$eKoopman$i32A25_01$oBIO BACH1 e$p20120981$r2021-01-12 00:00:00$w2021-01-12$yBOO
=952  \\$00$10$2ddc$3vol. 2$40$6BIO_BACH1_E$70$8BIO$913233$aORPH$bORPH$cKTS1_P$d2021-01-12$eKoopman$i32A25_02$oBIO BACH1 e$p20120980$r2021-01-12 00:00:00$w2021-01-12$yBOO
=952  \\$00$10$2ddc$3vol. 3$40$6BIO_BACH1_E$70$8BIO$913234$aORPH$bORPH$cKTS1_P$d2021-01-12$eKoopman$i32A25_03$oBIO BACH1 e$p20120979$r2021-01-12 00:00:00$w2021-01-12$yBOO
=999  \\$d13251

