=LDR  01864aam a2200361   4500
=001  13268
=008  230510s1985\\\\|||a||||\||||\00|\0|dut\d
=041  \\$adut
=100  \\$aWinkel, G. Vande$4cur$4aut$915542
=245  \\$aDe premonstratenzerabdij van Ninove (1137-1796):
=260  \\$c1985$bDe Mont$aNinove
=300  \\$a52 pages
=590  \\$acatalogus van de tentoonstelling over Kerk en patroonheiligen
=610  20$aPremonstratensians$1http://www.wikidata.org/entity/Q339332$926861
=610  \0$aAbdij van Sint-Cornelius en Sint-Cyprianus (Ninove, Belgium)$1http://www.wikidata.org/entity/Q2820647$926156
=648  \0$aMiddle Ages (500-1400)$1http://www.wikidata.org/entity/Q12554$920964
=648  \0$a15th Century (1401-1500)$1http://www.wikidata.org/entity/Q7018$921015
=648  \0$a16th Century (1501-1600)$1http://www.wikidata.org/entity/Q7017$920944
=648  \0$a17th Century (1601-1700)$1http://www.wikidata.org/entity/Q7016$920923
=648  \0$a18th Century (1701-1800)$1http://www.wikidata.org/entity/Q7015$920899
=650  \0$aReligion$1http://www.wikidata.org/entity/Q9174$93062
=650  \0$aChurch$1http://www.wikidata.org/entity/Q16970$93776
=650  \0$aMonastery$1http://www.wikidata.org/entity/Q44613$926216
=650  \0$aHistory$1http://www.wikidata.org/entity/Q309$921403
=650  \0$1http://www.wikidata.org/entity/Q464980$aExhibition$925353
=651  \0$1http://www.wikidata.org/entity/Q385026$aNinove (Belgium)$926157
=700  \\$aVan Isterdael, Herman$4aut$939417
=700  \\$aSteyaert, Rozemie$4aut$939418
=700  \\$aVan der Speeten, Jozef$4aut$939419
=700  \\$aLuypaerts, Gilberte$4aut$939420
=942  \\$cBOO
=952  \\$00$10$2ddc$40$6TOP_BE_NIN_3_000000000000000$70$8TOP$913249$aORPH$bORPH$cKTS0$d2021-01-12$eKoopman$l0$oTOP BE.NIN 3$p20127753$r2021-01-12 00:00:00$w2021-01-12$yBOO$OKoopman
=999  \\$d13268

