=LDR  02222aam a2200301   4500
=001  13283
=005  20250925143300.0
=008  230224s1986\\\\||||||||\||||\00|\0\pol\d
=020  \\$a8322402740
=041  \\$apol$aeng
=100  1\$aWitkowska-Zaremba, Elżbieta$d1946-$4aut$1http://www.wikidata.org/entity/Q60613230$915553
=245  \\$aArs musica w krakowskich traktatach muzycznych XVI wieku
=260  \\$c1986$aKraków$bPWM
=300  \\$a292 pages$b16 pages of plates
=490  \\$aMuzyka polska w dokumentacjach i interpretacjach
=500  \\$aSummary in English
=520  \\$aThe Cracow Plainsong Treatises of the first half of the 16th century represent a virtually unknown though very important part of Polish musical literature in the period. They are the only texts of their time which, in addition to their precepts on the practice of music, also provide answers to such basic questions as: What is music? What makes a musician? What is the subject of the study of music? What is the derivation and what is the purpose of music? The answers to these questions formulated in the plainsong treatises established some of the foundations of musical knowledge about music and went some way towards shaping a common view of its nature and function. (...)
=648  \0$a16th Century (1501-1600)$1http://www.wikidata.org/entity/Q7017$920944
=648  \0$a20th Century (1901-2000)$1http://www.wikidata.org/entity/Q6927$920936
=650  \0$aMusic theory$1http://www.wikidata.org/entity/Q193544$92662
=650  \0$aPlainchant$1http://www.wikidata.org/entity/Q2707688$921363
=650  \0$aMusic history$1http://www.wikidata.org/entity/Q846047$921373
=650  \0$aMethod$1http://www.wikidata.org/entity/Q2250960$921402
=651  \0$aKraków (Poland)$1http://www.wikidata.org/entity/Q31487$924842
=856  \\$uhttps://www.google.com/url?sa=t&rct=j&q=&esrc=s&source=web&cd=&ved=2ahUKEwjU_4TD5639AhXM-KQKHUVmCKEQFnoECAwQAQ&url=https%3A%2F%2Fbibliotekanauki.pl%2Fbooks%2F1788306.pdf&usg=AOvVaw068mTgVxFp1IUTUI0fSHQu
=942  \\$cBOO
=952  \\$00$10$2ddc$40$6TOP_PL_KRA_4_000000000000000$70$8MTP$913264$aORPH$bORPH$cKM12_1$d2021-01-12$l0$oTOP PL.KRA 4$p20125397$r2021-01-12 00:00:00$w2021-01-12$yBOO$OKoopman
=999  \\$d13283

