=LDR  00856aam a2200205   4500
=001  13300
=005  20250925143300.0
=008  230707s1982\\\\|||a||||\||||\00|\0\ger\d
=041  \\$ager
=245  \\$aDie Orgel in St. Aegidien Lübeck:$bFestschrift anläßlich ihrer Wiederherstelkung 1982
=260  \\$c1982$aLubeck
=300  \\$a40 pages
=648  \0$1http://www.wikidata.org/entity/Q6927$a20th Century (1901-2000)$920936
=650  \0$1http://www.wikidata.org/entity/Q1444$aOrgan$92810
=651  \0$1http://www.wikidata.org/entity/Q2843$aLübeck (Germany)$9125
=700  \\$4aut$915567$aWölfel, Dietrich
=700  \\$4aut$926443$aMeyers, Klaus
=942  \\$cBOO
=952  \\$00$10$2ddc$40$6INS_3_000000000000000_1E_DE_LUB$70$8INS$913281$aORPH$bORPH$cKTS0$d2021-01-12$eKoopman$l0$oINS3.1e DE.LUB$p20123760$r2021-01-12 00:00:00$w2021-01-12$yBOO$OKoopman
=999  \\$d13300

