=LDR  01258cam a2200289 a 4500
=001  13305
=005  20251002102602.0
=008  120727s2009\\\\gw\ag\\\\b\\\\000\0\ger\d
=020  \\$a9783761815786 (pbk.)
=020  \\$a3761815786 (pbk.)
=040  \\$aOI
=041  \\$ager
=100  \\$aWolff, Christoph$d1940-$1http://www.wikidata.org/entity/Q66488$910387$4aut
=245  10$aJohann Sebastian Bach.$cMesse in h-Moll
=260  \\$aKassel$aNew York, NY$bBärenreiter$c2009
=300  \\$a146 pages$billustrations, music$c19 cm
=490  1\$aBärenreiter Werkeinführungen
=504  \\$aIncludes bibliographical references.
=600  \0$aBach, Johann Sebastian$d1685-1750$1http://www.wikidata.org/entity/Q1339$94766
=648  \0$a18th Century (1701-1800)$1http://www.wikidata.org/entity/Q7015$920899
=650  \0$aH-Moll-Messe$1http://www.wikidata.org/entity/Q310549$927074
=650  \0$aMusic history$1http://www.wikidata.org/entity/Q846047$921373
=650  \0$aMusical analysis$1http://www.wikidata.org/entity/Q1544924$92775
=651  \0$aLeipzig (Germany)$1http://www.wikidata.org/entity/Q2079$945
=942  \\$cBOO
=952  \\$00$10$40$70$913286$aORPH$bORPH$cLOC_UNK$d2021-01-12$l0$p20129246$r2021-01-12 00:00:00$w2021-01-12$yTYPE_UNK$OKoopman
=999  \\$d13305

