=LDR  01249aam a2200253   4500
=001  13319
=008  210823t1968\\\\|||a||||\||||\00|\0\ger\d
=041  \\$ager
=100  \\$aWolff, Hellmuth Christian$d1906-1988$4aut$1http://www.wikidata.org/entity/Q5708423$915573
=245  \\$aOper.$bSzene und Darstellung von 1600 bis 1900
=260  \\$aLeipzig$bVEB Deutscher Verlag für Musik$c1968
=300  \\$a212 pages
=490  \\$aMusikgeschichte in Bildern$vIV/1
=648  \0$a17th Century (1601-1700)$1http://www.wikidata.org/entity/Q7016$920923
=648  \0$a18th Century (1701-1800)$1http://www.wikidata.org/entity/Q7015$920899
=648  \0$a19th Century (1801-1900)$1http://www.wikidata.org/entity/Q6955$920935
=650  \0$aOpera$1http://www.wikidata.org/entity/Q1344$92468
=650  \0$aIconography$1http://www.wikidata.org/entity/Q208145$921259
=650  \0$aScenography$1http://www.wikidata.org/entity/Q737201$921278
=650  \0$aStaging$1http://www.wikidata.org/entity/Q3508687$922118
=651  \0$aEurope$1http://www.wikidata.org/entity/Q46$991
=942  \\$cBOO
=952  \\$00$10$2ddc$40$6GHM_0_000000000000000$70$8GHM$913300$aORPH$bORPH$cKM12_1$d2021-01-12$eKoopman$i25F15 IV/1$oGHM0$p20129422$r2021-01-12 00:00:00$w2021-01-12$yBOO
=999  \\$d13319

