=LDR  02001aam a2200337   4500
=001  13327
=008  250910s1969\\\\|||a||||\b|||\001\0deng\d
=041  \\$aeng
=100  \\$aWoodfill, Walter L.$d1910-1987$1http://www.wikidata.org/entity/Q111750380$915580$4aut
=245  \\$aMusicians in English Society$bfrom Elizabeth to Charles I
=260  \\$c1953$aPrinceton$bPrinceton University Press
=300  \\$axv-372 pages
=490  \\$aPrinceton Studies in history$v9
=520  \\$a1. The Musicians of the City of London - 2. Provincial Professional Musicians - 3. The Church - 4. The Court - 5. Amateurs of Music
=600  \0$aElizabeth I$cQueen of England$d1533-1603$1http://www.wikidata.org/entity/Q7207$921665
=600  \0$aCharles I$cKing of England, Scotland and Ireland$d1600-1649$1http://www.wikidata.org/entity/Q81506$98279
=610  \0$aChapel Royal (London, United Kingdom)$1http://www.wikidata.org/entity/Q1062692$923180
=610  \0$aKing's Musick (London, United Kingdom)$940848
=648  \0$a17th Century (1601-1700)$1http://www.wikidata.org/entity/Q7016$920923
=648  \0$a16th Century (1501-1600)$1http://www.wikidata.org/entity/Q7017$920944
=650  \0$aMusic history$1http://www.wikidata.org/entity/Q846047$921373
=650  \0$aProfessional$1http://www.wikidata.org/entity/Q702269$923223
=650  \0$aMusician$1http://www.wikidata.org/entity/Q639669$93574
=650  \0$aStadtpfeifer$1http://www.wikidata.org/entity/Q1412422$924631
=650  \0$aCappella$1http://www.wikidata.org/entity/Q19902156$922910
=650  \0$aAmateur$1http://www.wikidata.org/entity/Q455595$923222
=651  \0$aUnited Kingdom$1http://www.wikidata.org/entity/Q21$1http://www.wikidata.org/entity/Q145$9273
=651  \0$aLondon (United Kingdom)$1http://www.wikidata.org/entity/Q84$9123
=942  \\$cBOO
=952  \\$00$10$2ddc$40$6TOP_GB_5_000000000000000$70$8TOP$913308$aORPH$bORPH$cKTS0$d2021-01-12$eKoopman$i45C17$l0$oTOP GB 5$p20127347$r2021-01-12 00:00:00$w2021-01-12$yBOO$OKoopman
=999  \\$d13327

