=LDR  01194    a2200217   4500
=001  13329
=008  210322s1920\\\\\\\|||||\||||\00|\0\dut\d
=041  \\$adut
=100  \\$aWorp, Jacob Adolf$d1851-1917$4aut$1http://www.wikidata.org/entity/Q6246824$915582
=245  \\$aGeschiedenis van den Amsterdamschen Schouwburg 1496-1772.$bUitgegeven met aanvulling tot 1872
=260  \\$c1920
=610  \0$aStadsschouwburg Amsterdam (Netherlands)$1http://www.wikidata.org/entity/Q1817103$921020
=648  \0$a16th Century (1501-1600)$1http://www.wikidata.org/entity/Q7017$920944
=648  \0$a17th Century (1601-1700)$1http://www.wikidata.org/entity/Q7016$920923
=648  \0$a18th Century (1701-1800)$1http://www.wikidata.org/entity/Q7015$920899
=648  \0$a19th Century (1801-1900)$1http://www.wikidata.org/entity/Q6955$920935
=700  \\$4aut$aSterck, Johannes Franciscus Maria$d1859-1941$96914
=942  \\$cBOO
=952  \\$00$10$2ddc$40$6TOP_NL_AMS_4_000000000000000$70$8TOP$913310$aORPH$bORPH$cKTS0$d2021-01-12$eKoopman$i23E29$l1$m3$oTOP NL.AMS 4$p20128937$r2021-07-05 00:00:00$s2021-03-22$w2021-01-12$yBOO
=999  \\$c13329$d13329
=650  \0$aTheater history$1http://www.wikidata.org/entity/Q1061140$94607

