=LDR  01138cam a2200265 a 4500
=001  13343
=005  20250120120006.0
=008  920623s1991\\\\ne\a\\\\\b\\\\001\0\eng\\
=020  \\$a9060117107 (Dutch ed.)
=020  \\$a1851491511 (U.K. ed.)
=040  \\$aOI
=041  1\$aeng$hdut
=100  \\$aYdema, Onno.$915595
=245  10$aCarpets and their datings in Netherlandish paintings, 1540-1700 /$cOnno Ydema.
=260  \\$aZutphen [Netherlands] :$bWalburg Pers,$cc1991.
=300  \\$a208 p. :$bill. (some col.) ;$c29 cm.
=504  \\$aIncludes bibliographical references (p. 200-205) and index.
=648  \0$a16th Century (1501-1600)$1http://www.wikidata.org/entity/Q7017$920944
=648  \0$a17th Century (1601-1700)$1http://www.wikidata.org/entity/Q7016$920923
=650  \0$aApplied arts$1http://www.wikidata.org/entity/Q2865882$921627
=651  \0$aFlanders (Belgium)$1http://www.wikidata.org/entity/Q234$989
=651  \0$aNetherlands$1http://www.wikidata.org/entity/Q55$9173
=942  \\$cBOO
=952  \\$00$10$40$70$913324$aORPH$bORPH$cLOC_UNK$d2021-01-12$l0$p20125216$r2021-01-12 00:00:00$w2021-01-12$yTYPE_UNK$OKoopman
=999  \\$d13343

