=LDR  00340    a2200109   4500
=001  13344
=100  \\$aYorke-Long, A.$915596
=245  \\$aMusic at court
=260  \\$c1954
=942  \\$cBOO
=952  \\$00$10$2ddc$40$6GHM_5_000000000000000$70$8GHM$913325$aORPH$bORPH$cKM12_1$d2021-01-12$l0$oGHM 5$p20122336$r2021-01-12 00:00:00$w2021-01-12$yBOO
=999  \\$c13344$d13344

