=LDR  01022cam a2200253 a 4500
=001  13347
=005  20250121142130.0
=008  940901s1994\\\\nyug\\\\\b\\\\010\0\eng\\
=020  \\$a0945193114
=040  \\$aOI
=041  \\$aeng
=100  \\$4dte$aMann, Alfred$d1917-2006$915599
=245  00$aEighteenth-Century Music in Theory and Practice:$bEssays in Honor of Alfred Mann
=260  \\$aStuyvesant, NY$bPendragon$c1994
=300  \\$ax, 337 p. :$bmusic ;$c24 cm.
=490  \\$aFestschrift Series$v13
=504  \\$aIncludes bibliographical references.
=648  \0$a18th Century (1701-1800)$1http://www.wikidata.org/entity/Q7015$920899
=650  \0$aMusic theory$1http://www.wikidata.org/entity/Q193544$92662
=650  \0$aMusic history$1http://www.wikidata.org/entity/Q846047$921373
=700  \\$aParker, Mary Ann$d1951-$4edt$913178
=942  \\$cBOO
=952  \\$00$10$2ddc$40$6GHM_5_000000000000000$70$8GHM$913328$aORPH$bORPH$cKM12_1$d2021-01-12$l0$oGHM 5$p20128926$r2021-01-12 00:00:00$w2021-01-12$yBOO
=999  \\$c13347$d13347

