=LDR  00321    a2200109   4500
=001  13355
=100  \\$aZachow, F.W.$4cmp$915609
=245  \\$aGesammelte Werke
=260  \\$c1905
=942  \\$cSCO
=952  \\$00$10$40$70$8SCO$913336$aORPH$bORPH$cKTS1_P$d2021-01-12$l0$p20121558$r2021-01-12 00:00:00$w2021-01-12$ySCO$OW.0013-21
=999  \\$c13355$d13355

