=LDR  01279aam a2200229   4500
=001  13356
=008  250423s1991\\\\|||\||||\b|||\001\0dger\d
=020  \\$a3923356412
=041  \\$ager
=100  \\$aZahn, Robert von$d1959-$1http://www.wikidata.org/entity/Q95343054$914870$4aut
=245  \\$aMusikpflege in Hamburg um 1800.$bDer Wandel des Konzertwesens und der Kirchenmusik zwischen dem Tode Carl Philipp Emanuel Bachs und dem Tode Christian Friedrich Gottlieb Schwenkes.
=260  \\$c1991$aHamburg$bVerein für Hamburgische Geschichte
=300  \\$a239 pages
=648  \0$a19th Century (1801-1900)$1http://www.wikidata.org/entity/Q6955$920935
=648  \0$a18th Century (1701-1800)$1http://www.wikidata.org/entity/Q7015$920899
=650  \0$aMusic history$1http://www.wikidata.org/entity/Q846047$921373
=650  \0$aConcert$1http://www.wikidata.org/entity/Q182832$921044
=650  \0$aChurch music$1http://www.wikidata.org/entity/Q8812109$1http://www.wikidata.org/entity/Q1065742$92283
=651  \0$aHamburg (Germany)$1http://www.wikidata.org/entity/Q1055$921940
=942  \\$cBOO
=952  \\$00$10$2ddc$40$6TOP_DE_HAM_6_000000000000000$70$8TOP$913337$aORPH$bORPH$cKTS0$d2021-01-12$eKoopman$i20C5$l0$oTOP DE.HAM 6$p20127941$r2021-01-12 00:00:00$w2021-01-12$yBOO$OKoopman
=999  \\$d13356

