=LDR  00380    a2200109   4500
=001  13369
=100  \\$aZelenka, Jan Dismas$d1679-1745$4cmp$1http://www.wikidata.org/entity/Q157777$915627
=245  \\$aPsalmi et Magnificat
=260  \\$c1971
=942  \\$cSCO
=952  \\$00$10$40$70$8SCO$913350$aORPH$bORPH$cKTS1_P$d2021-01-12$l0$p20124225$r2021-01-12 00:00:00$w2021-01-12$ySCO$OW.1442
=999  \\$c13369$d13369

