=LDR  00419    a2200121   4500
=001  13370
=020  \\$a8070580380
=100  \\$aZelenka, Jan Dismas$d1679-1745$4cmp$1http://www.wikidata.org/entity/Q157777$915627
=245  \\$aComposizioni per orchestra Vol.I
=260  \\$c1988
=942  \\$cSCO
=952  \\$00$10$40$70$8SCO$913351$aORPH$bORPH$cKTS1_P$d2021-01-12$l0$p20124213$r2021-01-12 00:00:00$w2021-01-12$ySCO$OW.1468
=999  \\$c13370$d13370

