=LDR  00642    a2200169   4500
=001  13373
=008  210413s1959\\\\\\\|||||\||||\00|\0\ger\d
=041  \\$ager
=100  \\$aZenck, Hermann$d1898-1950$4aut$915631
=245  \\$aNumerus und Affectus: Studien zur Musikgeschichte
=260  \\$c1959$aKassel$bBärenreiter
=300  \\$a88 pages
=700  \\$4edt$aGerstenberg, Walter$d1904-1988$921114
=942  \\$cBOO
=952  \\$00$10$2ddc$40$6TRE_ZENC$70$8TRE$913354$aORPH$bORPH$cKTS1_H$d2021-01-12$l0$oTRE ZENC$p20122724$r2021-01-12 00:00:00$w2021-01-12$yTYPE_UNK
=999  \\$c13373$d13373
=650  \0$aMusic history$1http://www.wikidata.org/entity/Q846047$921373

