=LDR  01161cam a22002774a 4500
=001  13382
=005  20250120120246.0
=008  000113s1999\\\\ne\a\\\\\b\\\\001\0\dut\\
=020  \\$a9012087031
=040  \\$aOI
=041  0\$adut$beng
=100  \\$aZijlmans, Jori$915639
=245  10$aVriendenkringen in de zeventiende eeuw :$bverenigingsvormen van het informele culturele leven te Rotterdam /$cJori Zijlmans.
=260  \\$aDen Haag :$bSdu,$cc1999.
=300  \\$axv, 314 p. :$bill. ;$c25 cm.
=546  \\$aSummary in English.
=504  \\$aIncludes bibliographical references (p. 281-297) and index.
=651  \0$aRotterdam (Netherlands)$1http://www.wikidata.org/entity/Q34370$962
=651  \0$aNetherlands$1http://www.wikidata.org/entity/Q55$9173
=650  \0$aSociety$94658
=942  \\$cBOO
=952  \\$00$10$40$70$913363$aORPH$bORPH$cLOC_UNK$d2021-01-12$l0$p20120615$r2021-01-12 00:00:00$w2021-01-12$yTYPE_UNK$OKoopman
=999  \\$c13382$d13382
=490  \\$aNederlandse cultuur in Europese context.$v14
=648  \0$a17th Century (1601-1700)$1http://www.wikidata.org/entity/Q7016$920923
=650  \0$aMusic history$1http://www.wikidata.org/entity/Q846047$921373

