=LDR  00392    a2200109   4500
=001  13399
=100  \\$aZipoli, Domenico$d1688-1726$4cmp$1http://www.wikidata.org/entity/Q134923$913785
=245  \\$aAve Maria Stella; Laudate Dominum
=260  \\$c1992
=942  \\$cSCO
=952  \\$00$10$40$70$8SCO$913380$aORPH$bORPH$cKTS1_P$d2021-01-12$l0$p20124328$r2021-01-12 00:00:00$w2021-01-12$ySCO$OW.1730-2
=999  \\$c13399$d13399

