=LDR  00335    a2200109   4500
=001  13406
=100  \\$aZomerdijk, H. J.$919157
=245  \\$aHet muziekleven in Noord-Brabant
=260  \\$c1981
=942  \\$cBOO
=952  \\$00$10$40$70$913387$aORPH$bORPH$cLOC_UNK$d2021-01-12$l0$p20127990$r2021-01-12 00:00:00$w2021-01-12$yTYPE_UNK$OKoopman
=999  \\$c13406$d13406

