=LDR  01096aam a2200229   4500
=001  13412
=008  230524s1934\\\\|||g||||\||||\00|\0dger\d
=041  \\$ager
=100  \\$aZulauf, Max$915666$4aut
=245  \\$aDer Musikunterricht in der Geschichte des bernischen Schulwesens von 1528-1798
=260  \\$c1934$aBern$aLeipzig$bHaupt
=300  \\$a92 pages
=490  \\$aBerner Veröffentlichungen zur Musikforschung$v3
=648  \0$1http://www.wikidata.org/entity/Q7017$a16th Century (1501-1600)$920944
=648  \0$1http://www.wikidata.org/entity/Q7016$a17th Century (1601-1700)$920923
=648  \0$1http://www.wikidata.org/entity/Q7015$a18th Century (1701-1800)$920899
=650  \0$1http://www.wikidata.org/entity/Q27908$aMusic education$921766
=650  \0$1http://www.wikidata.org/entity/Q309$aHistory$921403
=651  \0$1http://www.wikidata.org/entity/Q70$aBern (Switzerland)$921795
=942  \\$cBOO
=952  \\$00$10$2ddc$40$6TOP_CH_BER_4_000000000000000$70$8TOP$913393$aORPH$bORPH$cKTS0$d2021-01-12$eKoopman$l0$oTOP CH.BER 4$p20122732$r2021-01-12 00:00:00$w2021-01-12$yBOO$OKoopman
=999  \\$d13412

