=LDR  00345    a2200121   4500
=001  13426
=022  \\$a01687131
=100  \\$as.n.$913703
=245  \\$aNehalennia afl75, Herfst 1989
=260  \\$c1989
=942  \\$cBOO
=952  \\$00$10$40$70$913406$aORPH$bORPH$cLOC_UNK$d2021-01-12$l0$p20125053$r2021-01-12 00:00:00$w2021-01-12$yTYPE_UNK$OKoopman
=999  \\$c13426$d13426

