=LDR  01252    a2200265   4500
=001  13431
=005  20251003085459.0
=008  211115s1995\\\\jp\|||||\||||\00|\0\mul\d
=041  \\$aeng$ajpn
=110  \\$4edt$aHamamatsu Museum of Musical Instruments$922443
=245  \\$aCatalog I. European Aerophones. Hamamatsu Museum of Musical Instruments
=260  \\$c1995$aJapan$bHamamatsu Museum of Musical Instruments
=300  \\$a74 pages
=336  \\$aprinted
=648  \0$aPast$1http://www.wikidata.org/entity/Q192630$922196
=648  \0$a18th Century (1701-1800)$1http://www.wikidata.org/entity/Q7015$920899
=648  \0$a19th Century (1801-1900)$1http://www.wikidata.org/entity/Q6955$920935
=648  \0$a20th Century (1901-2000)$1http://www.wikidata.org/entity/Q6927$920936
=650  \0$aBrass instrument$1http://www.wikidata.org/entity/Q180744$92439
=650  \0$aWoodwind instrument$1http://www.wikidata.org/entity/Q181247$94119
=650  \0$aCatalogue$1http://www.wikidata.org/entity/Q2352616$921484
=651  \0$aJapan$1http://www.wikidata.org/entity/Q17$921369
=942  \\$cBOO
=952  \\$00$10$2ddc$40$6INS_6A_JP_HAM$70$8INS$913411$aORPH$bORPH$cKTS0$d2021-01-12$i18A19i$oINS6a JP.HAM$p20127026$r2021-01-12 00:00:00$w2021-01-12$yBOO
=999  \\$d13431

