=LDR  00790aam a2200205   4500
=001  13438
=005  20250925143300.0
=008  230510s1975\\\\|||o||||\||||\00|\0\dut\d
=041  \\$adut
=245  \\$aDe Onze-Lieve-Vrouwkerk te Melsele
=260  \\$c1975
=300  \\$a16 pages
=648  \0$1http://www.wikidata.org/entity/Q6927$a20th Century (1901-2000)$920936
=650  \0$1http://www.wikidata.org/entity/Q16970$aChurch$93776
=650  \0$aOrgan$1http://www.wikidata.org/entity/Q1444$92810
=650  \0$aApplied arts$1http://www.wikidata.org/entity/Q2865882$921627
=651  \0$aBeveren (Belgium)$926179
=942  \\$cBOO
=952  \\$00$10$2ddc$40$6TOP_BE_BEV$70$8TOP$913418$aORPH$bORPH$cKTS0$d2021-01-12$eKoopman$l0$oTOP BE.BEV$p20127715$r2021-01-12 00:00:00$w2021-01-12$yBOO$OKoopman
=999  \\$d13438

