=LDR  02303cam a2200373 a 4500
=001  13448
=005  20251003085459.0
=008  820522s1981\\\\\\\a\\\\\bc\\\001\0|ger\|
=041  \\$ager
=245  00$aBarock in Baden-Württemberg:$bvom Ende des Dreissigjährigen Krieges bis zur Französischen Revolution
=260  \\$aKarlsruhe$bMüller$c1981
=300  \\$a2 vols. (767+509 pages)
=504  \\$aIncludes bibliographies.
=505  0\$aBd. 1. Katalog -- Bd. 2. Aufsätze.
=590  \\$aAusstellung des Landes Baden-Württemberg unter der Schirmherrschaft von Ministerpräsident Lothar Späth : Schloss Bruchsal, vom 27. Juni bis 25. Oktober 1981
=590  \\$aMit 394 Abbildungen im Text und zwei Karten
=600  \0$aFischer, Johann Caspar Ferdinand$d1656-1746$1http://www.wikidata.org/entity/Q704728$915400
=648  \0$a17th Century (1601-1700)$1http://www.wikidata.org/entity/Q7016$920923
=648  \0$a18th Century (1701-1800)$1http://www.wikidata.org/entity/Q7015$920899
=650  \0$aBaroque$1http://www.wikidata.org/entity/Q37853$921255
=650  \0$aFine art$1http://www.wikidata.org/entity/Q219625$921579
=650  \0$aArchitecture$1http://www.wikidata.org/entity/Q12271$93185
=650  \0$aApplied arts$1http://www.wikidata.org/entity/Q2865882$921627
=650  \0$aCultural history$1http://www.wikidata.org/entity/Q858517$922395
=650  \0$aMusic history$1http://www.wikidata.org/entity/Q846047$921373
=650  \0$aCatalogue$1http://www.wikidata.org/entity/Q2352616$1http://www.wikidata.org/entity/Q6941730$921484
=650  \0$aExhibition$1http://www.wikidata.org/entity/Q464980$925353
=651  \0$aBaden-Württemberg (Germany)$1http://www.wikidata.org/entity/Q985$922802
=710  \\$aBadisches Landesmuseum Karlsruhe (Germany)$91620
=710  \\$aSchloss Bruchsal (Baden-Württemberg, Germany)$1http://www.wikidata.org/entity/Q880134$91621
=942  \\$cBOO
=952  \\$00$10$2ddc$3vol.2$40$6TOP_DE_BAD_5_000000000000000$70$8TOP$911765$aORPH$bORPH$cKTS0$d2021-01-12$eKoopman$i18C48b$l0$oTOP DE.BAD 5$p20127058$r2021-01-12 00:00:00$w2021-01-12$yBOO$OKoopman
=952  \\$00$10$2ddc$3vol.1$40$6TOP_DE_BAD_5_000000000000000$70$8TOP$913428$aORPH$bORPH$cKTS0$d2021-01-12$eKoopman$i18C48a$l0$oTOP DE.BAD 5$p20127057$r2021-01-12 00:00:00$w2021-01-12$yBOO$OKoopman
=999  \\$d13448

