=LDR  01449aam a2200241   4500
=001  13453
=005  20251003085459.0
=008  250602s1992\\\\|||a||||\c|||\00|\0\fre\d
=041  \\$afre
=245  \\$aBibliothèque Musicale Alfred Cortot$bMusiques imprimées et gravées, vocales et instrumentales, du XVIe au XIXe siècles, Manuscrits musicaux du XVe au XVIIIe siècle, Méthodes et ouvrages théoriques sur la musique et les spectacles : Vente à Paris - Drouot-Richelieu, Mercredi 3 et Jeudi 4 Juin 1992  
=260  \\$aParis$bLaurin, Guilloux, Buffetaud, Tailleur$c1992
=300  \\$a84 pages
=500  \\$aAuction catalogue, contains a separate page with estimate prices.
=650  \0$aLibrary$1http://www.wikidata.org/entity/Q7075$94229
=650  \0$aCollecting$1http://www.wikidata.org/entity/Q208165$92117
=650  \0$aMusic history$1http://www.wikidata.org/entity/Q846047$921373
=650  \0$aAuction$1http://www.wikidata.org/entity/Q177923$93849
=650  \0$aCatalogue$1http://www.wikidata.org/entity/Q2352616$1http://www.wikidata.org/entity/Q6941730$921484
=651  \0$aParis (France)$1http://www.wikidata.org/entity/Q90$9160
=700  \\$aCortot, Alfred$d1877-1962$1http://www.wikidata.org/entity/Q116057$4col$95836
=942  \\$cBOO
=952  \\$00$10$2ddc$40$6BIB_4_000000000000000_FR_CORT$70$8BIB$913433$aORPH$bORPH$cKTS0$d2021-01-12$eKoopman$i18D60$l0$oBIB4 FR CORT$p20125014$r2021-01-12 00:00:00$w2021-01-12$yBOO$OKoopman
=999  \\$d13453

