=LDR  00350    a2200121   4500
=001  13454
=020  \\$a875980009
=100  \\$as.n.$913703
=245  \\$aThe Mary Flagler Cary Music Colle
=260  \\$c1970
=942  \\$cBOO
=952  \\$00$10$40$70$913434$aORPH$bORPH$cLOC_UNK$d2021-01-12$l0$p20125005$r2021-01-12 00:00:00$w2021-01-12$yTYPE_UNK$OKoopman
=999  \\$c13454$d13454

