=LDR  00325    a2200109   4500
=001  13456
=100  \\$as.n.$913703
=245  \\$aInformazioni per addetti ai lavori
=260  \\$c1988
=942  \\$cBOO
=952  \\$00$10$40$70$913436$aORPH$bORPH$cLOC_UNK$d2021-01-12$l0$p20125131$r2021-01-12 00:00:00$w2021-01-12$yTYPE_UNK$OKoopman
=999  \\$c13456$d13456

