=LDR  04825aam a2200265   4500
=001  13460
=005  20250925143300.0
=008  220530i19691975|||g||||\||||\00|\0|ger\d
=041  \\$ager
=245  \\$aSammelbände zur Musikgeschichte der Deutschen Demokratischen Republik
=260  \\$aBerlin$bVerlag Neue Musik$c1969; 1971; 1973; 1975; 1980
=300  \\$a5 vols. (324+293+323+318+455 pages)
=505  \\$gBand 1: Einiges zur Entwicklung Hanns Eislers in den zwanziger Jahren / J. Elsner -- Film- und Bühnenmusik im sinfonischen Werk Hanns Eislers / M. Grabs -- Fidelio F. Finke - Entwicklung seines Schaffens / D. Härtwig -- Paul Dessaus politische Chorkantaten 1944-1968 / F. Henneberg -- Untersuchungen zur Singbewegung / W. Hoffmann -- Neue Musik - Neue Aspekte der Analyse: Zu Paul Dessaus Requiem für Lumumba / G. Mayer -- Kurt Schwaen - ein biographischer Abriß / L. Müller -- Soziologische Analyse der Musikgespräche 1966 / K. Niemann -- Ernst Hermann Meyer - Sinfonie in B: Versuch einer Analyse / G. Rienäcker -- Günter Kochan - Zweite Sinfonie: Analyse / F. Schneider -- Das sinfonische Schaffen Ernst Hermann Meyers / W. Siegmund-Schultze.$gBand 2: Probleme der Realismustheorie / H. A. Brockhaus -- Zur Dialektik des Schließens in Liedern von Hanns Eisler / F. Hennenberg -- Gerd Natschinski / H. P. Hofmann -- Realismusprobleme in der zeitgenössischen Oper / R. Kunad -- Nathan Notowicz / E. H. Meyer -- Einige Gedanken zu Fragen des Heiteren in unseren neuen Musik / D. Nowka -- Zur Entwicklung der Musikschulen in der DDR / W. Reckling -- Zu einigen Gestaltungsproblemen im Opernschaffen von Paul Dessau / G. Rienäcker --  Das Violinkonzert von Siegfried Matthus / F. Schneider.$gBand 3: Ergebnisse und Entwicklungstendenzen im Tanzmusikschaffen der DDR - Die Arbeitsgruppe "Rhythmus 71" / W. Beyer -- Ernst Hermann Meyer - eine biographische Studie / K. Niemann & F. Schneider -- Zu einigen Gestaltungsaspekten programmatischer Orchesterwerke von Paul Dessau anhand seiner zweiten Orchestermusik "Meer der Stürme" / Rienäcker -- Die Klavierkonzerte von Siegfried Matthus, Fritz Geißler und Rainer Kunad: Bemerkungen zu neuen Konzeptionen und Gestaltsweisen in konzertanten Schaffen der DDR / F. Schneider -- Der sozialistische Realismus in der Sinfonik Fritz Geißlers / G. Schönfelder -- Johann Cilensek - Konzertstück für Klavier und Orchester (1966) / W. Siegmund-Schultze -- Johannes Paul Thilman - Persönlichkeit und Werk / D. Uhrig.$gBand 4: Orchestervariationen von Günter Kochan / T. Ebert-Obermeier -- Klaviermusik in der DDR / W. Gonnermann -- Zum Filmmusikschaffen in der DDR / V. Grützner -- Musikdramatik und Dialektik / F. Hennenberg -- Die Entwicklung der sorbischen Musik in der DDR / D. Kobela -- Erfahrungen mit der Hörspielmusik / T. Medek -- Zur Entwicklung des Opernschaffens der DDR / G. Rienäcker -- Das Streichquartettschaffen in de DDR (1945-1972) / F. Schneider -- Zu einigen stilkundlichen Fragen der Instrumentalwerke von Fred Lohse / G. Schönfelder -- Die Entwicklung des vokalsinfonischen Schaffens in der DDR / W. Siegmund-Schultze -- Beiträge zu einer Ästhetik und Geschichte der Fernsehfilmmusik / W. Thiel$gBand 5: Musik- und Musikleben in der Zeit der antifaschistisch-demokratischen Umwälzung (1945-1949) -- Musik in der Zeit des sozialistischen Aufbaus (1949-1961) -- Entfaltung der Musikkultur beim umfassenden sozialistischen Aufbau (1961-1971) -- Die Musikkultur in der entwickelten sozialistischen Gesellschaft (seit Anfang der siebziger Jahre)
=648  \0$a20th Century (1901-2000)$1http://www.wikidata.org/entity/Q6927$920936
=650  \0$aMusic history$1http://www.wikidata.org/entity/Q846047$921373
=651  \0$aGermany$1http://www.wikidata.org/entity/Q183$9155
=700  \\$aBrockhaus, Heinz Alfred$d1930-$1http://www.wikidata.org/entity/Q105799141$4edt$99906
=700  \\$aNiemann, Konrad$4edt$921779
=942  \\$cBOO
=952  \\$00$10$2ddc$3Band 1$40$6TOP_DE_7_000000000000000$70$8TOP$913440$aORPH$bORPH$cKTS0$d2020-07-08$eKoopman$i19B27$oTOP DE 7$p20125094$r2021-01-12 00:00:00$w2021-01-12$yBOO
=952  \\$00$10$2ddc$3Band 2$40$6TOP_DE_7_000000000000000$70$8TOP$913441$aORPH$bORPH$cKTS0$d2020-07-08$eKoopman$i19B28$oTOP DE 7$p20125093$r2021-01-12 00:00:00$w2021-01-12$yBOO
=952  \\$00$10$2ddc$3Band 3$40$6TOP_DE_7_000000000000000$70$8TOP$913442$aORPH$bORPH$cKTS0$d2020-07-08$eKoopman$i19B29$oTOP DE 7$p20125092$r2021-01-12 00:00:00$w2021-01-12$yBOO
=952  \\$00$10$2ddc$3Band 4$40$6TOP_DE_7_000000000000000$70$8TOP$913443$aORPH$bORPH$cKTS0$d2020-07-08$eKoopman$i19B30$oTOP DE 7$p20125091$r2021-01-12 00:00:00$w2021-01-12$yBOO
=952  \\$00$10$2ddc$3Band 5$40$6TOP_DE_7_000000000000000$70$8TOP$925532$aORPH$bORPH$cKTS0$d2025-02-19$eKoopman$i19B31$l0$oTOP DE 7$p20125090$r2025-02-19 16:14:24$w2025-02-19$yBOO
=999  \\$d13460

