=LDR  00366    a2200109   4500
=001  13469
=100  \\$as.n.$913703
=245  \\$aTableaux de la collection-six
=260  \\$c1928
=942  \\$cBOO
=952  \\$00$10$2ddc$40$6VIS_XL_MENS$70$8VIS$913449$aORPH$bORPH$cKTS1_H$d2021-01-12$eKoopman$i20A23$l0$oVIS XL MENS$p20128033$r2021-01-12 00:00:00$w2021-01-12$yBOO$OKoopman
=999  \\$c13469$d13469

