=LDR  01233aam a2200229   4500
=001  13470
=005  20251014151710.0
=008  251014s1996\\\\|||af|||\||||\00|\0\mul\d
=041  \\$aeng$ajpn
=245  \\$aSpecial Exhibition Treasures from Hôryû-Ji
=260  \\$c1996$aTokyo$bTokyo National Museum
=300  \\$axxiv-346 pages
=500  \\$aTreasures from Hôryû-Ji is a group of over 300 items presented by Hôryû-Ji temple in Nara to the Imperial Household in 1878, which now belongs to the Japanese government as part of the collection of the Tokyo National Museum. 
=610  20$aGallery of Horyu-ji Treasures of the Tokyo National Museum (Tokyo, Japan)$941586
=650  \0$aFine art$1http://www.wikidata.org/entity/Q219625$921579
=650  \0$aExhibition$1http://www.wikidata.org/entity/Q464980$925353
=650  \0$aCatalogue$1http://www.wikidata.org/entity/Q2352616$1http://www.wikidata.org/entity/Q6941730$921484
=651  \0$aIkaruga (Nara, Japan)$941542
=651  \0$aTokyo (Japan)$1http://www.wikidata.org/entity/Q1490$9153
=942  \\$cBOO
=952  \\$00$10$2ddc$40$6TOP_JP_TOK$70$8TOP$913450$aORPH$bORPH$cKTS0$d2021-01-12$eKoopman$i20A32$l0$oTOP JP.TOK$p20128026$r2021-01-12 00:00:00$w2021-01-12$yBOO$OKoopman
=999  \\$d13470

