=LDR  00348    a2200121   4500
=001  13473
=020  \\$a8322401833
=100  \\$as.n.$913703
=245  \\$aPolish Musicological Studies 2
=260  \\$c1986
=942  \\$cBOO
=952  \\$00$10$40$70$913453$aORPH$bORPH$cLOC_UNK$d2021-01-12$l0$p20125388$r2021-01-12 00:00:00$w2021-01-12$yTYPE_UNK$OKoopman
=999  \\$c13473$d13473

