=LDR  01471aam a2200253   4500
=001  13474
=005  20251003085459.0
=008  250603s1975\\\\|||a||||\c|||\00|\0\fre\d
=041  \\$afre
=100  \\$aPincherle, Marc$d1888-1974$1http://www.wikidata.org/entity/Q716661$4col$916671
=245  \\$aCollection Musicale Marc Pincherle
=260  \\$c1975$aParis$bDrouot
=300  \\$a128 pages
=500  \\$aMarc Pincherle, né à Constantine le 13 juin 1888 et décédé à Paris 14e le 20 juin 1974, est un musicologue, critique musical et collectionneur français, élève entre autres de Louis Laloy, André Pirro et Romain Rolland. [wikipedia] 
=590  \\$adont la vente aux enchères publiques aura lieu Hotel Drouot Salle no. 10, les 3, 4, 5 mars 1975
=650  \0$aCollecting$1http://www.wikidata.org/entity/Q208165$92117
=650  \0$aAuction$1http://www.wikidata.org/entity/Q177923$93849
=650  \0$aCatalogue$1http://www.wikidata.org/entity/Q2352616$1http://www.wikidata.org/entity/Q6941730$921484
=650  \0$aMusic history$1http://www.wikidata.org/entity/Q846047$921373
=651  \0$aParis (France)$1http://www.wikidata.org/entity/Q90$9160
=700  \\$aChambure, Geneviève Thibault de $d1902-1975$1http://www.wikidata.org/entity/Q5533112$4win$922219
=942  \\$cBOO
=952  \\$00$10$2ddc$40$6BIB_4_000000000000000_FR_PINC$70$8BIB$913454$aORPH$bORPH$cKTS0$d2021-01-12$eKoopman$i20F42$l0$oBIB4 FR PINC$p20128108$r2021-01-12 00:00:00$yBOO$OKoopman
=999  \\$d13474

