=LDR  01560aam a2200241   4500
=001  13483
=005  20250925143300.0
=008  250121s1909\\\\|||ocaf|\||||\00|\0dger\d
=041  \\$ager
=100  \\$aHunziker, Rudolf$d1870-1946$1http://www.wikidata.org/entity/Q27971920$939539$4aut
=245  \\$aWinterthur X. Musikfest des Vereins Schweizerischer Tonkünstler 26. und 27. Juni 1909.$bFestheft
=260  \\$c1909$aWinterthur$bZiegler
=300  \\$a79-[3] pages$bincludes 8 unpaginated Plates
=500  \\$aConcertprogramms including lyrics of the vocal pieces, plus an extensive article on the music history of Winterthur.
=590  \\$aDrei Festkonzerte veranstaltet vom Musikkollegium Winterthur unter Mitwirkung namhafter Solisten, des Gemischten Chores Winterthur, des Stadtsängervereins Winterthur, des verstärkten Tonhalleorchester aus Zürich. Festdirigent: Prof. Dr. Ernst Radecke - Zur Musikgeschichte Winterthurs von Rudolf Hunziker.
=648  \0$a20th Century (1901-2000)$1http://www.wikidata.org/entity/Q6927$920936
=648  \0$a19th Century (1801-1900)$1http://www.wikidata.org/entity/Q6955$920935
=650  \0$aConcert$1http://www.wikidata.org/entity/Q182832$921044
=650  \0$aMusic history$1http://www.wikidata.org/entity/Q846047$921373
=651  \0$aWinterthur (Switzerland)$1http://www.wikidata.org/entity/Q9125$926142
=942  \\$cBOO
=952  \\$00$10$2ddc$40$6TOP_CH_WIN_6_000000000000000$70$8TOP$913463$aORPH$bORPH$cKTS0$d2021-01-12$eKoopman$i21F19$l0$oTOP CH.WIN 6$p20125488$r2021-01-12 00:00:00$w2021-01-12$yBOO$OKoopman
=999  \\$d13483

