=LDR  01509aam a2200265   4500
=001  13489
=008  250115s1979\\\\|||oac||\||||\00|\0ddut\d
=041  \\$adut
=100  \\$as.n.$913703
=245  \\$aVan De Stomme van Portici tot De Lentewijding
=260  \\$c1979$aBrussels$bGemeentekrediet van België
=300  \\$a130 pages
=500  \\$aPublication on the occasion of the exhibition "Munt in 44" about the history of the Brussels' opera house "Théâtre de la Monnaie/Muntschouwburg" organized in Passage 44 (Brussels)  by Gemeentekrediet België, 23.11.1979-6.1.1980
=610  \0$1http://www.wikidata.org/entity/Q551479$aDe Munt / La Monnaie (Brussels, Belgium)$921000
=650  \0$1http://www.wikidata.org/entity/Q464980$aExhibition$925353
=650  \0$aTheater history$1http://www.wikidata.org/entity/Q1061140$94607
=650  \0$aOpera$1http://www.wikidata.org/entity/Q1344 $92468
=650  \0$aMusic theater$1http://www.wikidata.org/entity/Q96394452$92065
=650  \0$aMusic history$1http://www.wikidata.org/entity/Q846047$921373
=650  \0$aHistory of dance$1http://www.wikidata.org/entity/Q27730$939407
=651  \0$aBrussels (Belgium)$1http://www.wikidata.org/entity/Q239$937
=700  \\$aHuisman, Maurice$d1912-1993$1http://www.wikidata.org/entity/Q3300925$4asn$939408
=942  \\$cBOO
=952  \\$00$10$2ddc$40$6TOP_BE_BRU1_0_000000000000000$70$8TOP$913469$aORPH$bORPH$cKTS0$d2021-01-12$eKoopman$i21G36$l0$oTOP BE.BRU1 0$p20125579$r2021-01-12 00:00:00$w2021-01-12$yBOO$OKoopman
=999  \\$d13489

