=LDR  02141aam a2200301   4500
=001  13492
=008  250603r20061997|||oa|||\||||\00|\0\fre\d
=041  \\$afre
=245  \\$aLe musée Jacqeumart-André.$bLivre guide.
=250  \\$areprint
=260  \\$c2006$aParis$bCulturEspaces
=300  \\$a59 pages
=500  \\$aÉdouard François André was a French banker, politician, soldier, and art collector. He was the husband of Nélie Jacquemart-André, the society painter. In firm support of Napoleon III and sensitive to Saint-Simonian ideas, the Andre family was involved in financing the modernization of France and large companies of the imperial regime After the fall of the Second Empire he was disappointed by politics, and decided to devote himself exclusively to his collections of paintings, furniture, and art objects. In 1868, he sought the architect Henri Parent to design a mansion of grand proportions on a plot of 5,700 m2 in Paris for 1.5 million francs, now called the Musée Jacquemart-André, where their art collection is now preserved.
=534  \\$c1997
=600  10$aAndré, Édouard$d1833-1894$1http://www.wikidata.org/entity/Q274221$940294
=600  10$aJacquemart, Nélie Barbe Hyacinthe$d1841-1912$1http://www.wikidata.org/entity/Q451131$940296
=648  \0$a18th Century (1701-1800)$1http://www.wikidata.org/entity/Q7015$920899
=648  \0$a19th Century (1801-1900)$1http://www.wikidata.org/entity/Q6955$920935
=650  \0$aMuseum$1http://www.wikidata.org/entity/Q33506$93137
=650  \0$aFine art$1http://www.wikidata.org/entity/Q219625$921579
=650  \0$aArchitecture$1http://www.wikidata.org/entity/Q12271$93185
=650  \0$aCollecting$1http://www.wikidata.org/entity/Q208165$92117
=651  \0$aParis (France)$1http://www.wikidata.org/entity/Q90$9160
=700  1\$aSainte-Fare-Garnot, Pierre-Nicolas$d1950-$4edt$940292
=700  1\$aMonnier, Virginie$4edt$940293
=942  \\$cBOO
=952  \\$00$10$2ddc$40$6TOP_FR_PAR_5_000000000000000$70$8TOP$913472$aORPH$bORPH$cKTS0$d2021-01-12$eKoopman$i22A10$l1$oTOP FR.PAR 5$p20125623$r2025-06-03 11:48:45$s2025-06-03$w2021-01-12$yBOO$OKoopman
=999  \\$d13492

