=LDR  01869aam a2200289   4500
=001  13499
=005  20251003085459.0
=008  241219s1962\\\\|||a||||\||||\00|\0\fre\d
=041  \\$afre
=100  \\$aUnterkircher, F.$939344$4edt
=245  \\$aBibliothèque Nationale d'Autriche : Manuscrits et Livres Imprimés Concernant l'Histoire des Pays-Bas 1475-1600
=260  \\$c1962$aBrussels$bBibliothèque Royale
=300  \\$a177 pages
=500  \\$aExposition organisée à l'occasion du cant vinght-cinquième anniversiare de la création de la Bibliotheque Royale de Belgique, coincidant avec le dixième anniversaire de l'accord culturel Austro-Belge (5 mai - 8 juillet 1962).
=610  \0$aÖsterreichische Nationalbibliothek (Vienna, Austria)$1http://www.wikidata.org/entity/Q304037$91356
=648  \0$aRenaissance (1400-1600)$1http://www.wikidata.org/entity/Q4692$920965
=650  \0$aCatalogue$1http://www.wikidata.org/entity/Q2352616$1https://www.wikidata.org/wiki/Q6941730$921484
=650  \0$aExhibition$1http://www.wikidata.org/entity/Q464980$925353
=650  \0$aLibrary$1http://www.wikidata.org/entity/Q7075$94229
=651  \0$aVienna (Austria)$1http://www.wikidata.org/entity/Q1741$920937
=651  \0$aNetherlands$1http://www.wikidata.org/entity/Q55$1https://www.wikidata.org/wiki/Q29999$9173
=651  \0$aBrussels (Belgium)$1http://www.wikidata.org/entity/Q239$937
=710  \\$aKoninklijke Bibliotheek van België / Bibliothèque royale 'Albert Ier' (Brussels, Belgium)$1http://www.wikidata.org/entity/Q383931$91442
=710  \\$aÖsterreichische Nationalbibliothek (Vienna, Austria)$1http://www.wikidata.org/entity/Q304037$91356
=942  \\$cBOO
=952  \\$00$10$2ddc$40$6BIB_4_000000000000000_AT_VIE$70$8BIB$913479$aORPH$bORPH$cKTS0$d2021-01-12$eKoopman$i22E03$l0$oBIB4 AT.VIE$p20129572$r2021-01-12 00:00:00$w2021-01-12$yBOO$OKoopman
=999  \\$d13499

