=LDR  00959aam a2200193   4500
=001  13506
=008  250121s1994\\\\|||a||||\||||\00|\0\ger\d
=041  \\$ager
=245  \\$aMusik-Autographen Sammlung Max Reis und anderer Besitz, $bAuktion in Basel am Samstag, dem 8. Oktober 1994 ... im Erasmushaus ... 
=260  \\$c1994$aBasel$bErasmushaus$bStargardt
=300  \\$a168 pages
=600  \0$aReis, Max$d1904-1980$1http://www.wikidata.org/entity/Q95007021$939537
=650  \0$aAuction$1http://www.wikidata.org/entity/Q177923$93849
=650  \0$aCollecting$1http://www.wikidata.org/entity/Q208165$92117
=650  \0$aManuscript$1http://www.wikidata.org/entity/Q87167$92275
=651  \0$aZürich (Switzerland)$1http://www.wikidata.org/entity/Q72$921130
=942  \\$cBOO
=952  \\$00$10$2ddc$40$6BIB_4_000000000000000_CH_ZUR$70$8BIB$913486$aORPH$bORPH$cKTS0$d2021-01-12$eKoopman$i23D40$l0$oBIB4 CH.ZUR$p20128627$r2021-01-12 00:00:00$w2021-01-12$yBOO$OKoopman
=999  \\$d13506

