=LDR  00309    a2200109   4500
=001  13508
=100  \\$as.n.$913703
=245  \\$aMuseum Amstelkring
=260  \\$c1970
=942  \\$cBOO
=952  \\$00$10$40$70$913488$aORPH$bORPH$cLOC_UNK$d2021-01-12$l0$p20128939$r2021-01-12 00:00:00$w2021-01-12$yTYPE_UNK$OKoopman
=999  \\$c13508$d13508

