=LDR  01024aam a2200205   4500
=001  13509
=005  20250925143300.0
=008  250505s2000\\\\|||o||||\5|||\00|\0\ger\d
=110  \\$aMusikakademie Rheinsberg GmbH$4edt$940147
=245  \\$aSchlosstheater Rheinsberg - Ein Haus für junge Künstler.$bDie Eröffnungs-Spielzeit. Programm 2000
=260  \\$c2000$aRheinsberg$bMusikakademie Rheinsberg
=300  \\$a48 pages
=610  \0$1http://www.wikidata.org/entity/Q45405177$940144$aSchlosstheater Rheinsberg
=648  \0$a20th Century (1901-2000)$1http://www.wikidata.org/entity/Q6927$920936
=650  \0$aConcert$1http://www.wikidata.org/entity/Q182832$921044
=650  \0$aAlmanac$1http://www.wikidata.org/entity/Q171341$921366
=651  \0$1http://www.wikidata.org/entity/Q537268$926016$aRheinsberg (Germany)
=942  \\$cBOO
=952  \\$00$10$2ddc$40$6TOP_DE_RHE_7_000000000000000$70$8TOP$913489$aORPH$bORPH$cKTS0$d2021-01-12$eKoopman$i23E21$l0$oTOP DE.RHE 7$p20128960$r2021-01-12 00:00:00$w2021-01-12$yBOO$OKoopman
=999  \\$d13509

