=LDR  00626    a2200193   4500
=001  13510
=003  OSt
=005  20210413163345.0
=008  210208b\\\\\\\\\\\|||||\||||\00|\0\eng\d
=020  \\$a0807812943
=040  \\$cST
=041  \\$aeng
=100  \\$914117$aSmither, Howard E.$4aut
=245  \\$aA History of the Oratorio Vol.2: The Oratorio in the baroque era: Protestant Germany and England
=260  \\$c1977
=300  \\$a393 pages
=942  \\$cBOO$2ddc
=952  \\$00$10$2ddc$40$6GEN_7_000000000000000$70$8GEN$913490$aORPH$bORPH$cKM12_1$d2021-01-12$l0$oGEN 7$p20128923$r2021-01-12 00:00:00$w2021-01-12$yBOO
=999  \\$c13510$d13510

