=LDR  00326    a2200109   4500
=001  13527
=100  \\$as.n.$913703
=245  \\$aFeestgids uitgegeven bij de viering
=260  \\$c1946
=942  \\$cBOO
=952  \\$00$10$40$70$913507$aORPH$bORPH$cLOC_UNK$d2021-01-12$l0$p20130345$r2021-01-12 00:00:00$w2021-01-12$yTYPE_UNK$OKoopman
=999  \\$c13527$d13527

