=LDR  00621aam a2200157   4500
=001  13544
=008  250526s1992\\\\|||aoh||\||||\001\0dspa\d
=041  \\$aspa
=245  \\$aHistoria de la musica de la Comunidad Valenciana
=260  \\$c1992$aValencia$bLevante
=300  \\$a540 pages
=650  \0$aMusic history$1http://www.wikidata.org/entity/Q846047$921373
=651  \0$aValencia (Spain)$1http://www.wikidata.org/entity/Q8818$924140
=942  \\$cBOO
=952  \\$00$10$2ddc$40$6TOP_ES_VAL1$70$8TOP$913524$aORPH$bORPH$cKTS0$d2021-01-12$eKoopman$i31G28$l0$oTOP ES.VAL1$p20121006$r2021-01-12 00:00:00$w2021-01-12$yBOO$OKoopman
=999  \\$d13544

