=LDR  01230aam a2200241   4500
=001  13557
=005  20251003085459.0
=008  250603s1997\\\\|||a||||\c|||\00|\0\fre\d
=041  \\$afre
=245  \\$aCollections musicales du docteur Barbier et du professeur de musicologie en Sorbonne Jean Mongrédien : $bVente aux enchères le mercredi 30 avril 1997
=260  \\$c1997$aParis$bDrouot-Richelieu
=300  \\$a73 pages
=500  \\$aDocteur Barbier could be Jacques Barbier ?
=650  \0$aLibrary$1http://www.wikidata.org/entity/Q7075$94229
=650  \0$aCollecting$1http://www.wikidata.org/entity/Q208165$92117
=650  \0$aAuction$1http://www.wikidata.org/entity/Q177923$93849
=650  \0$aCatalogue$1http://www.wikidata.org/entity/Q2352616$1http://www.wikidata.org/entity/Q6941730$921484
=650  \0$aMusic history$1http://www.wikidata.org/entity/Q846047$921373
=651  \0$aParis (France)$1http://www.wikidata.org/entity/Q90$9160
=700  \\$aMongrédien, Jean$1http://www.wikidata.org/entity/Q3173573$4col$99139
=942  \\$cBOO
=952  \\$00$10$2ddc$40$6BIB_4_000000000000000_FR_MONG$70$8BIB$913537$aORPH$bORPH$cKTS0$d2021-01-12$eKoopman$i36F12$l0$oBIB4 FR MONG$p20120659$r2021-01-12 00:00:00$yBOO$OKoopman
=999  \\$d13557

