=LDR  01744aam a2200277   4500
=001  13559
=005  20251003085459.0
=008  250604s1910\\\\|||a||||\c|||\00|\0\mul\d
=041  \\$afre$ager
=100  1\$aWeckerlin, Jean-Baptiste$d1821-1910$1http://www.wikidata.org/entity/Q934876$97354$4col
=245  \\$aKatalog der Musikbibliothek des Herrn J.B. Weckerlin, Ehrenbibliothekar des Conservatoire national de musique de Paris : $bMusik, Tanz, Theater
=260  \\$c1910$aLeipzig$bBoerner
=300  \\$a172 pages$bwith a portait of Weckerlin as frontispiece
=500  \\$aVorzugsausgabe gedruckt in fünfzig Exemplaren, davon diese Nummer 8 gedruck für Herrn D.F. Scheurleer
=561  \\$aExlibris D.F. Scheurleer, see his name in the print dedication, and a stamp of the Muziekhistorische afdeling van het Gemeentemuseum Den Haag (where the Scheurleer collection has been kept). 
=590  \\$aVersteigerung Donnerstag, 10., bis Sonnabend, 12. März 1910
=600  \0$aScheurleer, Daniel François$d1855-1927$1http://www.wikidata.org/entity/Q3976286$95584
=650  \0$aLibrary$1http://www.wikidata.org/entity/Q7075$94229
=650  \0$aCollecting$1http://www.wikidata.org/entity/Q208165$92117
=650  \0$aAuction$1http://www.wikidata.org/entity/Q177923$93849
=650  \0$aCatalogue$1http://www.wikidata.org/entity/Q2352616$1http://www.wikidata.org/entity/Q6941730$921484
=650  \0$aMusic history$1http://www.wikidata.org/entity/Q846047$921373
=700  \\$aBoerner, C. G.$1http://www.wikidata.org/entity/Q47035171$4edt$99725
=942  \\$cBOO
=952  \\$00$10$2ddc$40$6BIB_4_000000000000000_FR_WECK$70$8BIB$913539$aORPH$bORPH$cKTS0$d2021-01-12$eKoopman$i38A21$l0$oBIB4 FR WECK$p20122430$r2021-01-12 00:00:00$yBOO$OKoopman
=999  \\$d13559

