=LDR  00897aam a2200193   4500
=001  13583
=005  20251003085459.0
=008  250219s1901\\\\||||||||\c|||\00|\0\ger\d
=041  \\$ager
=245  \\$aKatalog der Kirchen-Ministerial-Bibliothek zu Celle
=260  \\$c1901$aCelle$bSchweiger & Pick
=300  \\$a[vi]-649(=585)-133 pages$bincomplete copy, pages 1-64 missing
=610  \0$aKirchen-Ministerial-Bibliothek Celle$1http://www.wikidata.org/entity/Q28733605$939745
=650  \0$aLibrary$1http://www.wikidata.org/entity/Q7075$94229
=650  \0$aCatalogue$1http://www.wikidata.org/entity/Q2352616$1http://www.wikidata.org/entity/Q6941730$921484
=651  \0$aCelle (Germany)$939746
=942  \\$cBOO
=952  \\$00$10$2ddc$40$6BIB_4_000000000000000_DE_CEL$70$8BIB$913563$aORPH$bORPH$cKTS0$d2021-01-12$eKoopman$i47A06$l0$oBIB4 DE.CEL$p20123778$r2021-01-12 00:00:00$w2021-01-12$yBOO$OKoopman
=999  \\$d13583

