=LDR  01052    a2200193   4500
=001  13589
=005  20251003085459.0
=100  \\$aSchumann, Robert$d?-c. 1935$4col$925421
=245  \\$aCatalogue des tableaux anciens ... aquarelles, dessins, gouaches, pastels anciens, ... tableaux modernes ... appartenant à Monsieur Robert Schumann
=260  \\$aParis$bCharpentier$c1934
=590  \\$aet dont la vente aux enchères publiques aura lieu à Paris Galerie Jean Charpentier le vendredi 7 decembre 1934
=648  \0$a20th Century (1901-2000)$1http://www.wikidata.org/entity/Q6927$920936
=650  \0$aFine art$1http://www.wikidata.org/entity/Q219625$921579
=650  \0$aAuction$1http://www.wikidata.org/entity/Q177923$93849
=650  \0$aCatalogue$1http://www.wikidata.org/entity/Q2352616$921484
=651  \0$aParis (France)$1http://www.wikidata.org/entity/Q90$9160
=942  \\$cBOO
=952  \\$00$10$2ddc$40$6VIS_BAUD$70$8VIS$913569$aORPH$bORPH$cKTS1_H$d2021-01-12$eKoopman$i47A10$l0$oVIS BAUD$p20123772$r2021-01-12 00:00:00$w2021-01-12$yBOO$OKoopman
=999  \\$d13589

