=LDR  01078aam a2200193   4500
=001  13591
=008  230412s1934\\\\||||||||\c|||\00|\0\fre\d
=041  \\$afre
=100  \\$aBourg de Bozas, du$926047$4col$cComte
=245  \\$aCollection Chaix d'Est-Ange$bpartie de cette collection appartenant à Monsieur le Comte de X...
=260  \\$aParis$c1934
=590  \\$aTableaux Anciens ..., portrait de Michel-Ange, ..., Tableaux Modernes ... Objets d'Art et d'Ameublement ... Dont la vente aux enchères publiques aura lieu à Paris Galerie Jean Charpentier le Mardi 11 Decembre 1934
=650  \0$1https://www.wikidata.org/wiki/Q219625$aFine art$1http://www.wikidata.org/entity/Q219625$921579
=650  \0$aNobility$1http://www.wikidata.org/entity/Q134737$93602
=650  \0$aCollecting$1http://www.wikidata.org/entity/Q208165$92117
=651  \0$1http://www.wikidata.org/entity/Q142$aFrance$9131
=942  \\$cBOO
=952  \\$00$10$2ddc$40$6VIS_BAUD$70$8VIS$913571$aORPH$bORPH$cKTS1_H$d2021-01-12$eKoopman$i47A12$l0$oVIS BAUD$p20123770$r2021-01-12 00:00:00$w2021-01-12$yBOO$OKoopman
=999  \\$d13591

