=LDR  00365    a2200109   4500
=001  13595
=100  \\$as.n.$913703
=245  \\$aCollection François Flameng: Cata
=260  \\$c1919
=942  \\$cBOO
=952  \\$00$10$2ddc$40$6VIS_LAIR$70$8VIS$913575$aORPH$bORPH$cKTS1_H$d2021-01-12$eKoopman$i47B10$l0$oVIS LAIR$p20121504$r2021-01-12 00:00:00$w2021-01-12$yBOO$OKoopman
=999  \\$c13595$d13595

