=LDR  00275    a2200097   4500
=001  13598
=100  \\$as.n.$4cmp$913703
=245  \\$aCatalogus
=942  \\$cSCO
=952  \\$00$10$40$70$8SCO$913578$aORPH$bORPH$cKTS1_P$d2021-01-12$l0$r2021-01-12 00:00:00$w2021-01-12$ySCO$OW.0458-12
=999  \\$c13598$d13598

