=LDR  01686aam a2200229   4500
=001  13604
=005  20250925143300.0
=008  220909s2004\\\\||||||||\||||\00|\0\eng\d
=020  \\$a521662567
=041  \\$aeng
=245  \\$aThe Cambridge History of Twentieth-Century Music
=250  \\$a1st ed.
=260  \\$aCambridge$bCambridge University Press$c2004
=520  \\$aThe Cambridge History of Twentieth-Century Music is an appraisal of the development of music in the twentieth century from the vantage-point of the twenty-first. This wide-ranging and eclectic book traces the progressive fragmentation of the European 'art' tradition, and its relocation as one tradition among many at the century's end. While the focus is on Western traditions, both 'art' and popular, these are situated within the context of world music, including a case study of the interaction of 'art' and traditional musics in post-colonial Africa. An international authorship brings a wide variety of approaches to music history, but the aim throughout is to set musical developments in the context of social, ideological, and technological change, and to understand reception and consumption as integral to the history of music.
=648  \0$a20th Century (1901-2000)$1http://www.wikidata.org/entity/Q6927$920936
=650  \0$aMusic history$1http://www.wikidata.org/entity/Q846047$921373
=651  \0$aWorld$1http://www.wikidata.org/entity/Q2$922254
=700  \\$4edt$aCook, Nicholas$915892
=700  \\$4edt$aPople, Anthony$918660
=942  \\$cBOO
=952  \\$00$10$2ddc$40$6GHM_7_000000000000000$70$8GHM$913584$aORPH$bORPH$cKM12_1$d2021-01-12$l0$oGHM7$p20130610$r2021-01-12 00:00:00$w2021-01-12$yBOO
=999  \\$d13604

