=LDR  00379    a2200109   4500
=001  13606
=100  \\$aAnonymous$4aut$94790
=245  \\$aEugène Ysaye : sa vie, son œuvre, son influence
=260  \\$c1947
=942  \\$cBOO
=952  \\$00$10$2ddc$40$6BIO_YSAY_D$70$8BIO$913586$aORPH$bORPH$cKTS1_P$d2021-01-12$f230$l0$oBIO YSAY d$p20130678$r2021-01-12 00:00:00$w2021-01-12$yBOO$OHuys
=999  \\$c13606$d13606

