=LDR  00885aam a2200193   4500
=001  13607
=008  240525s1947\\\\||||||||\||||\00|\0\fre\d
=041  \\$afre
=100  \\$aCombarieu, Jules$d1859-1916$1http://www.wikidata.org/entity/Q3188492$4aut$915694
=245  \\$aHistoire de la musique
=260  \\$aParis$bColin$c1947
=300  \\$a3 volumes
=534  \\$aOriginally published in 1913-9
=650  \0$aMusic history$1http://www.wikidata.org/entity/Q846047$921373
=942  \\$cBOO
=952  \\$00$10$2ddc$3vol. 1$40$70$8GHM$913587$aORPH$bORPH$cKM12_1$d2021-01-12$l0$p20130685$r2021-01-12 00:00:00$w2021-01-12$yBOO
=952  \\$00$10$2ddc$3vol. 2$40$70$8GHM$913588$aORPH$bORPH$cKM12_1$d2021-01-12$l0$p20130686$r2021-01-12 00:00:00$w2021-01-12$yBOO
=952  \\$00$10$2ddc$3vol. 3$40$70$8GHM$913589$aORPH$bORPH$cKM12_1$d2021-01-12$l0$p20130687$r2021-01-12 00:00:00$w2021-01-12$yBOO
=999  \\$d13607

