=LDR  00303    a2200109   4500
=001  13614
=022  \\$a09299890; 18788963
=245  \\$aBurgerhartlezing
=260  \\$c2008-13
=942  \\$cBOO
=952  \\$00$10$40$70$913593$aORPH$bORPH$cLOC_UNK$d2021-01-12$l0$r2021-01-12 00:00:00$w2021-01-12$yTYPE_UNK$OBU1
=999  \\$c13614$d13614

