=LDR  00501    a2200133   4500
=001  13615
=008  210410m\\\\\\\\\\\|||||\||||\00|\0\mul\d
=041  \\$ager$afre$aeng
=110  \\$aInternational Musicological Society (Basel, Switzerland)$91748
=245  \\$aActa musicologica
=260  \\$c1949; 1955; 1957; 1960; 1962; 1966; 1967-71
=942  \\$cPER
=952  \\$00$10$2ddc$40$70$8PER$912869$aORPH$bORPH$cKM12_1$d2021-01-12$eKoopman et al.$iPER AM1$l0$p20129427$r2021-01-12 00:00:00$w2021-01-12$yPER
=999  \\$c13615$d13615

