=LDR  00303    a2200097   4500
=001  13632
=245  \\$aBeiträge zur Musikwissenschaft
=260  \\$c1963-64
=942  \\$cBOO
=952  \\$00$10$40$70$913600$aORPH$bORPH$cLOC_UNK$d2021-01-12$l0$p20125662; 20125661$r2021-01-12 00:00:00$w2021-01-12$yTYPE_UNK$OBM2
=999  \\$c13632$d13632

