=LDR  00304    a2200109   4500
=001  13633
=022  \\$a01688391
=245  \\$aDe boekenwereld
=260  \\$c1984-2019
=942  \\$cBOO
=952  \\$00$10$40$70$913601$aORPH$bORPH$cLOC_UNK$d2021-01-12$l0$p20129474$r2021-01-12 00:00:00$w2021-01-12$yTYPE_UNK$OBO1
=999  \\$c13633$d13633

