=LDR  00415    a2200109   4500
=001  13635
=245  \\$aDoopsgezinde Bijdragen
=260  \\$c2014; 2018
=942  \\$cBOO
=952  \\$00$10$40$70$913603$aORPH$bORPH$cLOC_UNK$d2021-01-12$l0$p20127299; 20123801$r2021-01-12 00:00:00$w2021-01-12$yTYPE_UNK$ODB2
=952  \\$00$10$2ddc$40$70$921376$aORPH$bORPH$cLOC_UNK$d2021-01-12$l0$r2022-03-10 00:00:00$w2021-01-12$yTYPE_UNK
=999  \\$c13635$d13635

