=LDR  00306    a2200097   4500
=001  13637
=245  \\$aCaecilia
=260  \\$c1853; 1855-56; 1857-58; 1863; 1907; 1921-22
=942  \\$cBOO
=952  \\$00$10$40$70$913605$aORPH$bORPH$cLOC_UNK$d2021-01-12$l0$p20129477$r2021-01-12 00:00:00$w2021-01-12$yTYPE_UNK$OCA1
=999  \\$c13637$d13637

