=LDR  00857    a2200205   4500
=001  13639
=005  20251021112530.0
=008  231031s2013\\\\nl\af|||\||||\00|\0\eng\d
=041  \\$aeng
=110  \\$aNederlands Clavichord Genootschap (Netherlands)$4edt$926634
=245  \\$aClavichord International. Jubilee Issue "Extraordinary Clavichord Sounds"
=260  \\$c2013$as.n.$bHet Nederlands Clavichord Genootschap 
=300  \\$a32 pages
=490  \\$aVolume 17, Number 1, May 2013
=650  \0$aClavichord$1http://www.wikidata.org/entity/Q191823$92126
=650  \0$aOrganology$1http://www.wikidata.org/entity/Q899293$921400
=700  \\$aCrowell, Gregory$4win$926635
=942  \\$cPER
=952  \\$00$10$2ddc$40$6INS_PER3_2_000000000000000_CL2$70$8INS$923013$aORPH$bORPH$cKTS0$d2022-10-05$l0$oINS PER3.2 CL2$p20145789$r2023-10-31 00:00:00$w2023-10-31$yPER
=999  \\$d13639

