=LDR  01008aas a2200193   4500
=001  13648
=008  241030i20022014||||||||\||||\00|\0\eng\d
=041  \\$aeng
=110  \\$aGalpin Society (United Kingdom)$1http://www.wikidata.org/entity/Q5519317$922282
=245  \\$aThe Galpin Society Newsletter
=246  \1$aThe Galpin Society - For the Study of Musical Instruments
=260  \\$c2002-2014
=505  \\$gNewsletter vol. 4, 5, 9, 10, 13, 14, 16, 18, 21-23, 25-27, 38.
=650  \0$aOrganology$1http://www.wikidata.org/entity/Q899293$921400
=856  \\$uhttps://gs.galpinsociety.org/newsletter.htm$3Galpin Society Newsletter archive (of about the last 10 years)
=942  \\$cBOO
=952  \\$00$10$2ddc$40$6INS_PER1_GS2$70$8INS$913616$aORPH$bORPH$cKTS0$d2021-01-12$eKoopman$l0$oINS PER1 GS2$r2021-01-12 00:00:00$w2021-01-12$yPER$OINS 1 z GSN
=952  \\$00$10$2ddc$40$6INS_PER1_GS2$70$8INS$924012$aORPH$bORPH$cKTS0$d2021-01-12$eKoopman$l0$oINS PER1 GS2$r2021-01-12 00:00:00$w2021-01-12$yPER$OINS 1 z GSN
=999  \\$d13648

