=LDR  01413aas a2200193   4500
=001  13650
=008  241030i19511974||||||p|\||||\00|\0\ger\d
=022  \\$a16602730
=041  \\$ager
=110  \\$aGesellschaft der Freunde alter Musikinstumente$1http://www.wikidata.org/entity/Q23808205$927790
=245  \\$aGlareana: Nachrichten der Gesellschaft der Freunde alter Musikinstrumente
=260  \\$c1951-75; 2008$aZürich
=505  \\$gJahrgang 1 (1951-1952, nr. 1-6), 2 (1953, nr. 1-4), 3 (1954, nr. 1-4), 4 (1955, nr. 1-4), 5 (1956, nr. 1-4), 6 (1957, nr. 1-4), 7 (1958, nr. 1-3), 8 (1959, nr. 1-4), 9 (1960-1961, nr. 1-4), 10 (1961, nr. 1-3), 11 (1962, nr. 1-4), 12 (1963, nr. 1-4), 13 (1964, nr. 1-4), 14 (1965, nr. 1-4), 15 (1966, nr. 1-4), 16 (1967, nr. 1-4), 17 (1968, nr. 1-4), 18 (1969, nr. 1-4), 19 (1970, nr. 1-4), 20 (1971, nr. 1-4), index of articles 1951-1971, 21 (1972, nr. 1-4), 22 (1973, nr. 1-4), 23 (1974, nr. 1-4), 24 (1975, nr. 1), 57 (2008, nr. 1-2). 
=650  \0$aOrganology$1http://www.wikidata.org/entity/Q899293$921400
=650  \0$aHistorically informed performance$1http://www.wikidata.org/entity/Q1344860$920980
=856  \\$uhttps://www.gefam.ch/page.php?page=7&lang=en$3Glareana archive online
=942  \\$cBOO
=952  \\$00$10$2ddc$40$6INS_PER1_GL1$70$8INS$913618$aORPH$bORPH$cKTS0$d2021-01-12$eKoopman$l0$oINS PER1 GL1$p20129489$r2021-01-12 00:00:00$w2021-01-12$yPER$OINS 1 z Glar
=999  \\$d13650

