=LDR  00304    a2200109   4500
=001  13651
=022  \\$a07775067
=245  \\$aDe Gulden Passer
=260  \\$c1996; 2003-12
=942  \\$cBOO
=952  \\$00$10$2ddc$40$70$913619$aORPH$bORPH$cLOC_UNK$d2021-01-12$l0$r2021-01-12 00:00:00$w2021-01-12$yTYPE_UNK$OGP1
=999  \\$c13651$d13651

