=LDR  01122aas a2200229   4500
=001  13655
=008  241101i20002018|||a||||\||||\00|\0\eng\d
=041  \\$aeng
=110  \\$aHistoric Brass Society$1http://www.wikidata.org/entity/Q5773406$91268
=245  \\$aHistoric Brass Society Journal
=260  \\$c2000-06; 2009-11; 2013-16; 2018$aNew York$bHistoric Brass Society
=505  \\$gVols. 12-18, 21-23, 25-28, 30
=650  \0$aHistorically informed performance$1http://www.wikidata.org/entity/Q1344860$920980
=650  \0$aBrass instrument$1http://www.wikidata.org/entity/Q180744$92439
=650  \0$aOrganology$1http://www.wikidata.org/entity/Q899293$921400
=650  \0$aTrumpet$1http://www.wikidata.org/entity/Q8338$92388
=650  \0$aTrombone$1http://www.wikidata.org/entity/Q8350$921860
=650  \0$aHorn$1http://www.wikidata.org/entity/Q163759$922458
=856  \\$uhttps://www.historicbrass.org/publications/hbs-journal$3HBS Journals online
=942  \\$cPER
=952  \\$00$10$2ddc$40$6INS_PER7_HB1$70$8INS$913623$aORPH$bORPH$cKTS0$d2021-01-12$l0$oINS PER7 HB1$p20129494$r2021-01-12 00:00:00$w2021-01-12$yPER
=999  \\$d13655

