=LDR  00889aas a2200193   4500
=001  13664
=008  241031i19771987|||a||||\||||\00|\0\eng\d
=022  \\$a01414992
=041  \\$aeng
=110  \\$aBritish Institute of Organ Studies $1http://www.wikidata.org/entity/Q4970119$924366
=245  \\$aJournal of the British Institute of Organ Studies
=260  \\$c1977-87$aOxford$bPositif Press
=505  \\$gvols. 1-11
=650  \0$aOrgan$1http://www.wikidata.org/entity/Q1444$92810
=650  \0$aOrgan music$1https://www.wikidata.org/entity/Q2003283$1https://www.wikidata.org/wiki/Q116958279$91951
=651  \0$aUnited Kingdom$1http://www.wikidata.org/entity/Q21$1https://www.wikidata.org/wiki/Q145$9273
=942  \\$cPER
=952  \\$00$10$2ddc$40$6INS_PER3_1_000000000000000_JB1$70$8INS$913632$aORPH$bORPH$cKTS0$d2021-01-12$l0$oINS PER3.1 JB1$p20129532$r2021-01-12 00:00:00$w2021-01-12$yPER
=999  \\$d13664

