=LDR  00275    a2200097   4500
=001  13666
=022  \\$a01667297
=245  \\$aKunstschrift
=942  \\$cBOO
=952  \\$00$10$40$70$913634$aORPH$bORPH$cLOC_UNK$d2021-01-12$l0$p20129534$r2021-01-12 00:00:00$w2021-01-12$yTYPE_UNK$OKU1
=999  \\$c13666$d13666

