=LDR  00275    a2200097   4500
=001  13669
=245  \\$aLe Ménestrel
=260  \\$c1925-40
=942  \\$cBOO
=952  \\$00$10$40$70$913637$aORPH$bORPH$cLOC_UNK$d2021-01-12$l0$p20129507$r2021-01-12 00:00:00$w2021-01-12$yTYPE_UNK$OME1
=999  \\$c13669$d13669

