=LDR  00897aas a2200193   4500
=001  13673
=008  241031i19701996||||||||\||||\00|\0\dut\d
=022  \\$a15735257
=041  \\$adut
=100  \\$aVerloop, Gerard$4edt$927802
=245  \\$aDe Mixtuur.$bTijdschrift over het orgel
=260  \\$c1970-1996
=505  \\$gnr. 1 (1970) - nr. 45 (1984); nr. 47/48 (1984) - nr. 84 (1996) + registers/indexes
=650  \0$aOrgan$1http://www.wikidata.org/entity/Q1444$92810
=650  \0$aOrgan music$1https://www.wikidata.org/entity/Q2003283$1https://www.wikidata.org/wiki/Q116958279$91951
=651  \0$aNetherlands$1http://www.wikidata.org/entity/Q55$1https://www.wikidata.org/wiki/Q29999$9173
=942  \\$cPER
=952  \\$00$10$2ddc$40$6INS_PER3_1_000000000000000_MI1$70$8INS$913640$aORPH$bORPH$cKTS0$d2021-01-12$eKoopman$l0$oINS PER3.1 MI1$p20129511$r2021-01-12 00:00:00$w2021-01-12$yPER$OINS 3.1 z Mix
=999  \\$d13673

