=LDR  00294    a2200097   4500
=001  13674
=245  \\$aMonatshefte für Musikgeschichte
=260  \\$c1870-89
=942  \\$cBOO
=952  \\$00$10$40$70$913641$aORPH$bORPH$cLOC_UNK$d2021-01-12$l0$p20129512$r2021-01-12 00:00:00$w2021-01-12$yTYPE_UNK$OMM2
=999  \\$c13674$d13674

