=LDR  00338    a2200109   4500
=001  13679
=022  \\$a07717016
=245  \\$aMusica Antiqua: Actuele Informatie over Oude Muziek
=260  \\$c1987-97
=942  \\$cBOO
=952  \\$00$10$40$70$913646$aORPH$bORPH$cLOC_UNK$d2021-01-12$l0$p20129522$r2021-01-12 00:00:00$w2021-01-12$yTYPE_UNK$OMA2
=999  \\$c13679$d13679

