=LDR  00284    a2200097   4500
=001  13683
=245  \\$aNederlandse Historiën
=260  \\$c1984-88
=942  \\$cBOO
=952  \\$00$10$40$70$913649$aORPH$bORPH$cLOC_UNK$d2021-01-12$l0$p20129518$r2021-01-12 00:00:00$w2021-01-12$yTYPE_UNK$ONH1
=999  \\$c13683$d13683

