=LDR  00354    a2200109   4500
=001  13684
=022  \\$a15720160
=245  \\$aOmslag: Bulletin Universiteitsbibliotheek Leiden en Scaliger Instituut
=260  \\$c2003-12
=942  \\$cBOO
=952  \\$00$10$40$70$913650$aORPH$bORPH$cLOC_UNK$d2021-01-12$l0$r2021-01-12 00:00:00$w2021-01-12$yTYPE_UNK$OKoopman TS
=999  \\$c13684$d13684

