=LDR  00304    a2200109   4500
=001  13686
=022  \\$a04746376
=245  \\$aL’Organo
=260  \\$c1962-74; 2003
=942  \\$cBOO
=952  \\$00$10$40$70$913652$aORPH$bORPH$cLOC_UNK$d2021-01-12$l0$r2021-01-12 00:00:00$w2021-01-12$yTYPE_UNK$OINS 3.1 z ORG2
=999  \\$c13686$d13686

