=LDR  00987aas a2200205   4500
=001  13688
=008  241101i19992008|||m||||\||||\00|\0\dut\d
=022  \\$a13871358
=041  \\$adut
=110  \\$aKoninklijke Vereniging van Organisten & Kerkmusici$1http://www.wikidata.org/entity/Q109450436$927803
=245  \\$aDe Orgelkrant.$bActualiteitenblad van de Koninklijke Nederlandse Organistenvereniging
=246  \1$aDe Orgelkrant.$bActualiteitenblad bij Het Orgel
=260  \\$c1999-2008
=500  \\$aAfter summer 2008 the Orgelkrant continues as Nota Bene.
=505  \\$gJg.4 (1999) - Jg.13 (2008) but not complete.
=650  \0$aOrgan$1http://www.wikidata.org/entity/Q1444$92810
=651  \0$aNetherlands$1http://www.wikidata.org/entity/Q55$1https://www.wikidata.org/wiki/Q29999$9173
=942  \\$cPER
=952  \\$00$10$2ddc$40$6INS_PER3_1_000000000000000_OR2$70$8INS$913654$aORPH$bORPH$cKTS0$d2021-01-12$eKoopman$l0$oINS PER3.1 OR2$p20129500$r2021-01-12 00:00:00$w2021-01-12$yPER$OOR3
=999  \\$d13688

