=LDR  00988aas a2200205   4500
=001  13689
=008  241101i20082013||||||||\||||\00|\0\dut\d
=022  \\$a18762921
=041  \\$adut
=110  \\$aKoninklijke Vereniging van Organisten & Kerkmusici$1http://www.wikidata.org/entity/Q109450436$927803
=245  \\$aNota Bene. $bActualiteitenblad voor orgelkunst & kerkmuziek
=260  \\$c2008-2013
=500  \\$aNota Bene is the continuation of De Orgelkrant.
=505  \\$gJg. 1 (2008) - 6 (2013), not complete.
=650  \0$aOrgan$1http://www.wikidata.org/entity/Q1444$92810
=650  \0$aChurch music$1http://www.wikidata.org/entity/Q8812109$1https://www.wikidata.org/wiki/Q1065742$92283
=651  \0$aNetherlands$1http://www.wikidata.org/entity/Q55$1https://www.wikidata.org/wiki/Q29999$9173
=942  \\$cPER
=952  \\$00$10$2ddc$40$6INS_PER3_1_000000000000000_OR3$70$8INS$913655$aORPH$bORPH$cKTS0$d2021-01-12$eKoopman$l0$oINS PER3.1 OR3$r2021-01-12 00:00:00$w2021-01-12$yPER$OOR4
=999  \\$d13689

