=LDR  07222aam a2200613   4500
=001  13694
=008  250616i19602007|||gfco|\||||\001\0dmul\d
=041  \\$afre$aeng
=100  \\$aDufourcq, Norbert$d1904-1990$1http://www.wikidata.org/entity/Q221775$4edt$918235
=245  \\$a"Recherches" sur la Musique française classique
=260  \\$c1960-2007$aParis$bPicard
=300  \\$a31 vols (225+237+232+268+245+268+261+279-267+259+247+319+222+318+306+228+224+232+323+295+189+240+223+276+251+247+264+263+261+409+227 pages)$bfolded pages, inserted plates
=490  \\$aLa vie musicale en France sous les Rois Bourbons$vI-XXXI
=500  \\$aFounded in 1960 by Norbert Dufourcq and Marcelle Benoit, Recherches is a journal devoted entirely to French classical music: a classicism that began in 1589 with the accession of a Bourbon to the throne of France and ended in 1830 with the fall of the last reigning Bourbon, Charles X.
=610  \0$aHouse of Bourbon$1http://www.wikidata.org/entity/Q58389$922828
=648  \0$a17th Century (1601-1700)$1http://www.wikidata.org/entity/Q7016$920923
=648  \0$a18th Century (1701-1800)$1http://www.wikidata.org/entity/Q7015$920899
=648  \0$a19th Century (1801-1900)$1http://www.wikidata.org/entity/Q6955$920935
=650  \0$aMusic history$1http://www.wikidata.org/entity/Q846047$921373
=651  \0$aFrance$1http://www.wikidata.org/entity/Q142$9131
=700  \\$aBenoit, Marcelle$d1921-$1http://www.wikidata.org/entity/Q64214156$4edt$99505
=942  \\$cBOO
=952  \\$00$10$2ddc$3I: 1960$40$6TOP_FR_5_000000000000000$70$8TOP$913660$aORPH$bORPH$cKTS0$d2021-01-12$eKoopman$l0$oTOP FR 5$p20129506$r2021-01-12 00:00:00$w2021-01-12$yBOO$ORM1
=952  \\$00$10$2ddc$3II: 1961-1962$40$6TOP_FR_5_000000000000000$70$8TOP$926791$aORPH$bORPH$cKTS0$d2021-01-12$eKoopman$l0$oTOP FR 5$p20144214$r2025-06-16 09:22:09$w2021-01-12$yBOO
=952  \\$00$10$2ddc$3III: 1963$40$6TOP_FR_5_000000000000000$70$8TOP$926792$aORPH$bORPH$cKTS0$d2021-01-12$eKoopman$l0$oTOP FR 5$p20144215$r2025-06-16 09:23:22$w2021-01-12$yBOO
=952  \\$00$10$2ddc$3IV: 1964$40$6TOP_FR_5_000000000000000$70$8TOP$926793$aORPH$bORPH$cKTS0$d2021-01-12$eKoopman$l0$oTOP FR 5$p20144216$r2025-06-16 09:25:04$w2021-01-12$yBOO
=952  \\$00$10$2ddc$3V: 1965$40$6TOP_FR_5_000000000000000$70$8TOP$926794$aORPH$bORPH$cKTS0$d2021-01-12$eKoopman$l0$oTOP FR 5$p20144217$r2025-06-16 09:25:04$w2021-01-12$yBOO
=952  \\$00$10$2ddc$3VI: 1966$40$6TOP_FR_5_000000000000000$70$8TOP$926795$aORPH$bORPH$cKTS0$d2021-01-12$eKoopman$l0$oTOP FR 5$p20144218$r2025-06-16 09:25:04$w2021-01-12$yBOO
=952  \\$00$10$2ddc$3VII: 1967$40$6TOP_FR_5_000000000000000$70$8TOP$926796$aORPH$bORPH$cKTS0$d2021-01-12$eKoopman$l0$oTOP FR 5$p20144219$r2025-06-16 09:25:04$w2021-01-12$yBOO
=952  \\$00$10$2ddc$3VIII: 1968$40$6TOP_FR_5_000000000000000$70$8TOP$926797$aORPH$bORPH$cKTS0$d2021-01-12$eKoopman$l0$oTOP FR 5$p20144220$r2025-06-16 09:25:04$w2021-01-12$yBOO
=952  \\$00$10$2ddc$3IX: 1969$40$6TOP_FR_5_000000000000000$70$8TOP$926798$aORPH$bORPH$cKTS0$d2021-01-12$eKoopman$l0$oTOP FR 5$p20144221$r2025-06-16 09:25:04$w2021-01-12$yBOO
=952  \\$00$10$2ddc$3X: 1970$40$6TOP_FR_5_000000000000000$70$8TOP$926799$aORPH$bORPH$cKTS0$d2021-01-12$eKoopman$l0$oTOP FR 5$p20144222$r2025-06-16 09:25:04$w2021-01-12$yBOO
=952  \\$00$10$2ddc$3XIX: 1979$40$6TOP_FR_5_000000000000000$70$8TOP$926801$aORPH$bORPH$cKTS0$d2021-01-12$eKoopman$l0$oTOP FR 5$p20144223$r2025-06-16 11:14:18$w2021-01-12$yBOO
=952  \\$00$10$2ddc$3XVIII: 1978$40$6TOP_FR_5_000000000000000$70$8TOP$926802$aORPH$bORPH$cKTS0$d2021-01-12$eKoopman$l0$oTOP FR 5$p20144224$r2025-06-16 11:14:18$w2021-01-12$yBOO
=952  \\$00$10$2ddc$3XVII: 1977$40$6TOP_FR_5_000000000000000$70$8TOP$926803$aORPH$bORPH$cKTS0$d2021-01-12$eKoopman$l0$oTOP FR 5$p20144225$r2025-06-16 11:14:18$w2021-01-12$yBOO
=952  \\$00$10$2ddc$3XVI: 1976$40$6TOP_FR_5_000000000000000$70$8TOP$926804$aORPH$bORPH$cKTS0$d2021-01-12$eKoopman$l0$oTOP FR 5$p20144226$r2025-06-16 11:14:18$w2021-01-12$yBOO
=952  \\$00$10$2ddc$3XV: 1975$40$6TOP_FR_5_000000000000000$70$8TOP$926805$aORPH$bORPH$cKTS0$d2021-01-12$eKoopman$l0$oTOP FR 5$p20144227$r2025-06-16 11:14:18$w2021-01-12$yBOO
=952  \\$00$10$2ddc$3XIV: 1974$40$6TOP_FR_5_000000000000000$70$8TOP$926806$aORPH$bORPH$cKTS0$d2021-01-12$eKoopman$l0$oTOP FR 5$p20144228$r2025-06-16 11:14:18$w2021-01-12$yBOO
=952  \\$00$10$2ddc$3XIII: 1973$40$6TOP_FR_5_000000000000000$70$8TOP$926807$aORPH$bORPH$cKTS0$d2021-01-12$eKoopman$l0$oTOP FR 5$p20144229$r2025-06-16 11:14:18$w2021-01-12$yBOO
=952  \\$00$10$2ddc$3XII: 1972$40$6TOP_FR_5_000000000000000$70$8TOP$926808$aORPH$bORPH$cKTS0$d2021-01-12$eKoopman$l0$oTOP FR 5$p20144230$r2025-06-16 11:14:18$w2021-01-12$yBOO
=952  \\$00$10$2ddc$3XI: 1971$40$6TOP_FR_5_000000000000000$70$8TOP$926809$aORPH$bORPH$cKTS0$d2021-01-12$eKoopman$l0$oTOP FR 5$p20144231$r2025-06-16 11:14:18$w2021-01-12$yBOO
=952  \\$00$10$2ddc$3XX: 1981$40$6TOP_FR_5_000000000000000$70$8TOP$926810$aORPH$bORPH$cKTS0$d2021-01-12$eKoopman$l0$oTOP FR 5$p20144232$r2025-06-16 11:14:18$w2021-01-12$yBOO
=952  \\$00$10$2ddc$3XXI: 1983$40$6TOP_FR_5_000000000000000$70$8TOP$926811$aORPH$bORPH$cKTS0$d2021-01-12$eKoopman$l0$oTOP FR 5$p20144233$r2025-06-16 11:14:18$w2021-01-12$yBOO
=952  \\$00$10$2ddc$3XXII: 1984$40$6TOP_FR_5_000000000000000$70$8TOP$926812$aORPH$bORPH$cKTS0$d2021-01-12$eKoopman$l0$oTOP FR 5$p20144234$r2025-06-16 11:14:18$w2021-01-12$yBOO
=952  \\$00$10$2ddc$3XXIII: 1985$40$6TOP_FR_5_000000000000000$70$8TOP$926813$aORPH$bORPH$cKTS0$d2021-01-12$eKoopman$l0$oTOP FR 5$p20144235$r2025-06-16 11:14:18$w2021-01-12$yBOO
=952  \\$00$10$2ddc$3XXIV: 1986$40$6TOP_FR_5_000000000000000$70$8TOP$926814$aORPH$bORPH$cKTS0$d2021-01-12$eKoopman$l0$oTOP FR 5$p20144236$r2025-06-16 11:14:18$w2021-01-12$yBOO
=952  \\$00$10$2ddc$3XXVII: 1991-1992$40$6TOP_FR_5_000000000000000$70$8TOP$926816$aORPH$bORPH$cKTS0$d2021-01-12$eKoopman$l0$oTOP FR 5$p20144237$r2025-06-16 12:17:59$w2021-01-12$yBOO
=952  \\$00$10$2ddc$3XXVI: 1988-1990$40$6TOP_FR_5_000000000000000$70$8TOP$926817$aORPH$bORPH$cKTS0$d2021-01-12$eKoopman$l0$oTOP FR 5$p20144238$r2025-06-16 12:17:59$w2021-01-12$yBOO
=952  \\$00$10$2ddc$3XXV: 1987$40$6TOP_FR_5_000000000000000$70$8TOP$926818$aORPH$bORPH$cKTS0$d2021-01-12$eKoopman$l0$oTOP FR 5$p20144239$r2025-06-16 12:17:59$w2021-01-12$yBOO
=952  \\$00$10$2ddc$3XXVIII: 1993-1995 Philidor$40$6TOP_FR_5_000000000000000$70$8TOP$926819$aORPH$bORPH$cKTS0$d2021-01-12$eKoopman$l0$oTOP FR 5$p20144240$r2025-06-16 12:43:39$w2021-01-12$yBOO
=952  \\$00$10$2ddc$3XXIX: 1996-1998 L'Art Vocal$40$6TOP_FR_5_000000000000000$70$8TOP$926820$aORPH$bORPH$cKTS0$d2021-01-12$eKoopman$l0$oTOP FR 5$p20144241$r2025-06-16 12:43:39$w2021-01-12$yBOO
=952  \\$00$10$2ddc$3XXX: 1999-20003 États de la France$40$6TOP_FR_5_000000000000000$70$8TOP$926821$aORPH$bORPH$cKTS0$d2021-01-12$eKoopman$l0$oTOP FR 5$p20144242$r2025-06-16 12:43:39$w2021-01-12$yBOO
=952  \\$00$10$2ddc$3XXXI: 2004-2007 Pratiques Instrumentales$40$6TOP_FR_5_000000000000000$70$8TOP$926822$aORPH$bORPH$cKTS0$d2021-01-12$eKoopman$l0$oTOP FR 5$p2014443$r2025-06-16 12:43:39$w2021-01-12$yBOO
=999  \\$d13694

