=LDR  00301    a2200109   4500
=001  13695
=022  \\$a02101459
=245  \\$aRevista de Musicologia
=260  \\$c1999-2002
=942  \\$cBOO
=952  \\$00$10$40$70$913661$aORPH$bORPH$cLOC_UNK$d2021-01-12$l0$r2021-01-12 00:00:00$w2021-01-12$yTYPE_UNK$ORM2
=999  \\$c13695$d13695

