=LDR  00318    a2200109   4500
=001  13700
=022  \\$a02690403
=245  \\$aJournal of the Royal Musical Association
=260  \\$c1999-2001
=942  \\$cBOO
=952  \\$00$10$2ddc$40$70$8REF$919944$aORPH$bORPH$cKM12_1$d2021-03-05$l0$r2021-03-05 00:00:00$w2021-03-05$yPER
=999  \\$c13700$d13700

