=LDR  00378    a2200109   4500
=001  13701
=022  \\$a00804460; 14723808
=245  \\$aResearch Chronicle of the Royal Musical Association
=260  \\$c1961; 1963; 1965-66; 1971-98; 2002-04
=942  \\$cBOO
=952  \\$00$10$40$70$913666$aORPH$bORPH$cLOC_UNK$d2021-01-12$l0$p20125952$r2021-01-12 00:00:00$w2021-01-12$yTYPE_UNK$ORC1
=999  \\$c13701$d13701

