=LDR  00295    a2200109   4500
=001  13706
=022  \\$a00387487
=245  \\$aSpiegel historiael
=260  \\$c1966-96
=942  \\$cBOO
=952  \\$00$10$40$70$913671$aORPH$bORPH$cLOC_UNK$d2021-01-12$l0$r2021-01-12 00:00:00$w2021-01-12$yTYPE_UNK$OSH1
=999  \\$c13706$d13706

