=LDR  00274    a2200097   4500
=001  13710
=245  \\$aTic Toc Choc
=260  \\$c1981-84
=942  \\$cBOO
=952  \\$00$10$40$70$913675$aORPH$bORPH$cLOC_UNK$d2021-01-12$l0$p20125961$r2021-01-12 00:00:00$w2021-01-12$yTYPE_UNK$OTT1
=999  \\$c13710$d13710

