=LDR  01165aab a2200205   4500
=001  13715
=008  240410s1885\\\\|||q||||\||||\00|\0\ger\d
=100  \\$aAdler, Guido$d1855-1941$1http://www.wikidata.org/entity/Q78716$4aut$917498
=245  \\$aVierteljahrsschrift für Musikwissenschaft$nErster Jahrgang - 1885 - 1. Vierteljahr
=260  \\$c1885$aLeipzig$bBreitkopf & Härtel
=300  \\$a20-7-[1] pages$bpaper bound, printed cover and endpapers 
=590  \\$aSeparatabzug aus der Vierteljahrsschrift als Probe überreicht von der Verlagshandlung
=648  \0$a19th Century (1801-1900)$1http://www.wikidata.org/entity/Q6955$920935
=650  \0$aMusicology$1http://www.wikidata.org/entity/Q164204$93925
=650  \0$aBibliography$1http://www.wikidata.org/entity/Q134995$93965
=700  \\$aChrysander, Friedrich$d1826-1901$1http://www.wikidata.org/entity/Q65274$4edt$913827
=700  \\$aSpitta, Philipp$d1841-1894$1http://www.wikidata.org/entity/Q61567$4edt$913873
=942  \\$cBOO
=952  \\$00$10$2ddc$40$6KTS_1_000000000000000_H_02_057$70$8RAR$913680$aORPH$bORPH$cKTS1_H$d2021-01-12$l0$oKTS1 H.02.057$p20146509$r2021-01-12 00:00:00$w2021-01-12$yPER$OVM1
=999  \\$d13715

