=LDR  01253aas a2200193   4500
=001  13717
=008  211209m19871992-uk|||||\||||\00|\0\eng\d
=041  \\$aeng
=110  \\$4aut$aViola da Gamba Society (Great Britain)$923256
=245  \\$aViola da Gamba Society of Great Britain. Newsletter
=260  \\$c1987-1992$aChesam$bThe Viola da Gamba Society
=650  \0$aViola da gamba$1http://www.wikidata.org/entity/Q96066477$93955
=650  \0$aPeriodical$1http://www.wikidata.org/entity/Q1002697$921106
=942  \\$cBOO
=952  \\$00$10$2ddc$3Newsletter no. 59$40$6INS_4_000000000000000_5A$70$8INS$913682$aORPH$bORPH$cKTS0$d2020-07-08$eKoopman$oINS4.5a$p20125978$r2021-01-12 00:00:00$w2021-01-12$yBOO
=952  \\$00$10$2ddc$3Newsletter no. 73$40$6INS_4_000000000000000_5A$70$8INS$921078$aORPH$bORPH$cLOC_UNK$d2020-07-07$eKoopman$oINS4.5a$p20137953$r2021-12-09 00:00:00$w2021-01-12$yBOO
=952  \\$00$10$2ddc$3Newsletter no. 76$40$6INS_4_000000000000000_5A$70$8INS$921079$aORPH$bORPH$cKTS0$d2020-07-08$eKoopman$oINS4.5a$p20137952$r2021-12-09 00:00:00$w2021-01-12$yBOO
=952  \\$00$10$2ddc$3Newsletter no. 74$40$6INS_4_000000000000000_5A$70$8INS$921080$aORPH$bORPH$cKTS0$d2020-07-08$eKoopman$oINS4.5a$p20137951$r2021-12-09 00:00:00$w2021-01-12$yBOO
=999  \\$d13717

