=LDR  02195aam a2200241   4500
=001  13727
=005  20250925143300.0
=008  200928s2018\\\\\\\oa\\\\b\\\\\\1\0|ger\d
=041  \\$ager
=100  \\$4aut$aSiegfried, Detlef$915703
=245  \\$a1968:$bProtest, Revolte, Gegenkultur
=260  \\$aStuttgart$bReclam$c2018
=300  \\$a298 pages
=520  \\$aHinter der Zeitenwende von 1968 steckt mehr als nur eine politische Revolte: Männer ließen sich die Haare lang wachsen, Frauen wollten endlich die Pille nehmen dürfen, Drogen wurden konsumiert, Musikfestivals, Kommunen und neue Zeitschriften stellten das vorhandene Weltbild auf den Kopf. Auch Wilhelm Reichs Forschungen im Kontext der Sexualerziehung schlugen große Wellen. So unterschiedliche Heldenfiguren wie Twiggy, Rudi Dutschke, Che Guevara, Jimi Hendrix und Mao Tse-Tung traten auf den Plan, während die deutsche Politik noch mit dem Vermächtnis der NS-Zeit zu kämpfen hatte.
Es wäre jedoch ein Irrtum zu glauben, alles habe erst 1968 begonnen. Detlef Siegfried zeigt, welche gesellschaftlichen Veränderungen und politischen Ereignisse schon im Vorfeld nötig waren, damit die Revolte der Schüler und Lehrlinge sowie die Studentenbewegung Fahrt aufnehmen konnten. Dabei lässt er nicht nur die Gegenkultur in Großstädten wie Berlin oder Frankfurt am Main wieder aufleben, sondern rückt auch Schauplätze aus der bundesrepublikanischen Provinz ins Rampenlicht. Doch wie viel revolutionäre Dynamik ließ sich in die »roten« Siebzigerjahre hinüberretten? Und was wurde eigentlich aus all den Linken?
=648  \0$a20th Century (1901-2000)$1http://www.wikidata.org/entity/Q6927$920936
=650  \0$aQuarrel$1http://www.wikidata.org/entity/Q2357965$922897
=650  \0$aIdeology$1http://www.wikidata.org/entity/Q7257$920984
=650  \0$aCultural history$1http://www.wikidata.org/entity/Q858517$922395
=650  \0$aSociology$1http://www.wikidata.org/entity/Q21201$924938
=651  \0$aGermany$1http://www.wikidata.org/entity/Q183$9155
=942  \\$cBOO
=952  \\$00$10$2ddc$40$6TOP_DE_7_000000000000000$70$8TOP$913692$aORPH$bORPH$cKTS0$d2021-12-22$oTOP DE 7$p20129554$r2021-01-12 00:00:00$w2021-01-12$yBOO
=999  \\$d13727

