=LDR  01187aam a2200181   4500
=001  13730
=005  20250120120008.0
=008  120906s2008\\\\\\\\\\\\\\\\\\\\\\0\eng
=041  \\$aeng
=100  \\$aBilliet, Jeroen$4aut$915707
=245  \\$a200 Years of Belgian Horn School? A Comprehensive Study of the Horn in Belgium, 1789-1960
=260  \\$aGhent$bOrpheus Instituut$c2008
=300  \\$a340-[110] pages$e4 cd's
=500  \\$aDissertation for the Approval of a Laureate Programme at the ORCiM-Orpheus Research Center in Music, Ghent, 2008
=520  \\$aHorn player Jeroen Billiet intensively researched, under the lead of the Orpheus Institute, and tutor Claude Maury, the origin, development, use, playing style, instrumental manifacture, repertoire and people behind the tradition of hornplaying present in the Belgian region.

A report of this 7-year long study is to be read in the (English-written) dissertation: 200 years of Belgian Horn School? A Comprehensve Study on the Horn in Belgium, 1789-1960.

=942  \\$cDIS
=952  \\$00$10$2ddc$40$6MTP_5_000000000000000_BILL$70$8MTP$913695$aORPH$bORPH$cKM12_1$d2021-08-30$oMTP5 BILL$p20131333$r2021-01-12 00:00:00$w2021-01-12$yDIS
=999  \\$d13730

