=LDR  00645aam a2200181   4500
=001  13732
=005  20250120120008.0
=008  120913s2008\\\\\\\\\\\\\\\\\\\\\\0\eng
=020  \\$a9780980456028
=041  \\$aeng
=245  \\$a28th ISME world conference Bologna 2008: Music at all Ages.$bAbstracts
=260  \\$bInternational Society for Music Education$c2008
=300  \\$a884 pages
=700  \\$4edt$aBaroni, Mario$915710
=700  \\$4edt$aTafuri, Johannella$915711
=942  \\$cBOO
=952  \\$00$10$2ddc$40$6REF_3_000000000000000_BARO$70$8REF$913697$aORPH$bORPH$cKM12_1$d2021-08-24$oREF3 BARO$p20134315$r2021-01-12 00:00:00$w2021-01-12$yBOO
=999  \\$d13732

