=LDR  01078acm a2200193   4500
=001  13734
=005  20251009122300.0
=008  130318s2010\\\\\\\h\\\\\\\\\\\\\\0\eng\d
=020  \\$a9783881881197
=041  \\$aeng
=100  \\$4cmp$aBeethoven, Ludwig van$d1770-1827$1http://www.wikidata.org/entity/Q255$95335
=245  \\$a33 Variations in C major on a waltz by Anton Diabelli for piano op. 120:$bPart 1. Facsimile of the autograph: Part 2. Facsimile of the original edition (dedication copy)
=260  \\$aBonn$bVerlag Beethoven-Haus$c2010
=300  \\$a84 pages
=700  \\$4cmp$aDiabelli, Anton$d1781-1858$1http://www.wikidata.org/entity/Q160061$98706
=942  \\$cSCO
=952  \\$00$10$2ddc$3vol. 2: facsimile dedication copy$40$6SCO_BEET$70$8SCO$913699$aORPH$bORPH$cKTS1_P$g146.62$l2$m3$oSCO BEET$p20134592$q2021-10-31$r2021-05-06 00:00:00$s2021-05-06$w2021-01-12$ySCO
=952  \\$00$10$2ddc$3vol. 1: facsimile autograph$40$6SCO_BEET$70$8SCO$920150$aORPH$bORPH$cKTS1_P$d2021-05-06$l2$m3$oSCO BEET$p20134593$q2021-10-31$r2021-05-06 00:00:00$s2021-05-06$w2021-05-06$ySCO
=999  \\$d13734

