=LDR  00937aam a2200229   4500
=001  13737
=005  20250120120350.0
=008  180424b\\\\\\\\\\\\\\\\\\\\\\\\\\0\fre
=041  \\$afre
=059  \\$apf
=100  \\$4cmp$aCzerny, Carl$d1791-1857$1http://www.wikidata.org/entity/Q215333$96032
=245  \\$a50 études de perfectionnement pour le piano
=260  \\$aParis$bSchlesinger
=300  \\$a68 pages
=490  \\$al'Art de délier les doigts
=648  \0$a19th Century (1801-1900)$1http://www.wikidata.org/entity/Q6955$920935
=942  \\$cSCO
=952  \\$00$10$40$70$8SCO$913701$aORPH$bORPH$cKTS1_P$d2021-01-12$l0$r2021-01-12 00:00:00$w2021-01-12$ySCO
=952  \\$00$10$40$70$8SCO$913702$aORPH$bORPH$cKTS1_P$l0$p2013142$r2021-01-12 00:00:00$w2021-01-12$ySCO
=999  \\$c13737$d13737
=650  \0$aInstrumental music$1http://www.wikidata.org/entity/Q639197$92106
=650  \0$aKeyboard music$1http://www.wikidata.org/entity/Q105715630$921412

