=LDR  00540aam a2200157   4500
=001  13741
=005  20250120120009.0
=008  171012s1999\\\\\\\\\\\\\\\\\\\\\\0\d
=041  \\$ager
=100  \\$4Redaktion$aWeiss, Robert Michael$915719
=245  \\$a80 Jahre zwölftonmusik: Josef Matthias Hauer
=260  \\$aWien$bKulturamt der Stadt Wiener Neustadt$c1999
=300  \\$a58
=942  \\$cBOO
=952  \\$00$10$2ddc$40$6BIO_HAUE_E$70$8BIO$913707$aORPH$bORPH$cKTS1_P$d2021-10-19$oBIO HAUE e$p20129914$r2021-01-12 00:00:00$w2021-01-12$yBOO
=999  \\$c13741$d13741

