=LDR  01013aam a2200217   4500
=001  13742
=005  20250120120008.0
=008  120919s2006\\\\\\\\\\\\\\\\\\\\\\0\eng
=020  \\$a88-7395-155-4
=041  \\$aeng
=245  \\$a9th International Conference on music perception and cognition, 6th Triennial conference of the European socienty for the cognitive scienes of music.$bAbstracts
=260  \\$aBologna$bBononia University Press$c2006
=300  \\$a588 pages
=520  \\$aThe focus of the 9th ICMPC is interdisciplinary discussion and dissemination of new, unpublished research relating to the field of music perception, cognition and education. 

=700  \\$4edt$aAdessi, Anna Rita$915720
=700  \\$4edt$aBaroni, Mario$915710
=700  \\$4edt$aCatarina, Roberto$915721
=700  \\$4edt$aCosta, Marco$915722
=942  \\$cBOO
=952  \\$00$10$2ddc$3CD : 1$40$6REF_3_000000000000000_ADES$70$8REF$913708$aORPH$bORPH$cKM12_1$d2021-08-24$oREF3 ADES$p20134314$r2021-01-12 00:00:00$w2021-01-12$yBOO
=999  \\$d13742

