=LDR  01421aam a2200181   4500
=001  13744
=005  20230123101025.0
=008  130919s2000\\\\\\\\\\\\\\\\\\\\\\0\e
=020  \\$a978025206900
=041  \\$aeng
=100  \\$aPollack, Howard$4aut$915725
=245  \\$aAaron Copland: The life and work of a uncommon man
=260  \\$aUrbana$bUniversity of Illinois Press$c2000
=300  \\$a690
=520  \\$aOne of America's most beloved and accomplished composers, Aaron Copland played a crucial role in the coming of age of American music. This substantial biography is the first full-length scholarly study of his life and work.
A conductor, music critic, and teacher who wrote clearly and accessibly about music, Copland composed some of the twentieth century's most familiar works -- Billy the Kid, Rodeo, Appalachian Spring, Fanfare for the Common Man -- in addition to a wealth of music for opera, ballet, chorus, orchestra, chamber ensemble, band, radio, and film. Howard Pollack's expansive and detailed biography examines Copland's musical development, his political sympathies, his personal life, and his tireless encouragement of younger composers, presenting a balanced and skillfully wrought portrait of an American original.
=942  \\$cBOO
=952  \\$00$10$2ddc$40$6BIO_COPL_D$70$8BIO$913710$aORPH$bORPH$cKTS1_P$d2021-10-19$g20.87$oBIO COPL d$p20129609$r2021-01-12 00:00:00$w2021-01-12$yBOO$VAmazon
=999  \\$c13744$d13744

