=LDR  01305aam a2200181   4500
=001  13747
=005  20250120120009.0
=008  160822s2010\\\\\\\\\\\\\\\\\\\\\\0\eng
=020  \\$a9789278405250
=041  \\$aeng
=100  \\$aBorchardt, Klaus-Dieter$4aut$915729
=245  \\$aThe ABC of European Union law
=260  \\$aLuxembourg$bPublications Office of the European Union$c2010
=300  \\$a131 pages
=520  \\$aThe Lisbon Treaty entered into force on 1 December 2009, after being ratified by all 27 Member States of the European Union, and introduced changes to European law and institutions. The ABC of European Union law by Klaus-Dieter Borchardt examines the roots of the European project and its development as a legal order, and is a definitive reference work on the subject. The author offers insight into how the European Union is built, its broad principles and the legal order underpinning it, looking at this in relation to the national laws of the Member States. This book is intended for people with no specialist legal knowledge who wish to understand the implications of European law for their daily lives.
=942  \\$cBOO
=952  \\$00$10$2ddc$40$6REF_2_000000000000000_BORC$70$8REF$913713$aORPH$bORPH$cKM12_1$d2021-08-23$oREF2 BORC$p20131216$r2021-01-12 00:00:00$w2021-01-12$yBOO
=999  \\$d13747

