=LDR  01929aam a2200265   4500
=001  13753
=003  OI
=005  20250120120333.0
=008  161122s1987\\\\\\\\\\\\\\\\\\\\\\0\fre
=020  \\$a9782130587989
=041  \\$afre$hlat
=100  \\$aDescartes, René$d1596-1650$4aut$1http://www.wikidata.org/entity/Q9191$95525
=245  \\$aAbrégé de musique
=250  \\$a2nd ed.
=260  \\$aParis$bPresses Universitaires de France$c1987
=300  \\$a148 pages
=520  \\$aPremier ouvrage de Descartes, le Compendium musicae, en dépit de sa brièveté, est l'un des textes les plus importants de la théorie musicale au XVIIe siècle. Rameau, en 1722, y trouvera le point de départ de sa réflexion sur les fondements de l'harmonie. Plus généralement, tout examen de l'esthétique cartésienne passe par l'étude de la théorie du plaisir développée dans les premières pages. Enfin l'histoire de la pensée de Descartes ne se comprend pas pleinement sans les questions ouvertes dans cet abrégé, comme la question de l'application des mathématiques et celle des passions de l'âme.
À la différence des éditions antérieures, le texte latin donné ici tient compte de la totalité des sources disponibles (manuscrits, imprimés, traductions anciennes). Parce qu'on ne disposait jusqu'ici que d'une seule traduction française, celle du P. Poisson, parue en 1668, on a souhaité proposer aussi une nouvelle version, plus proche de l'original.
=534  \\$aOriginally published in 1618
=648  \0$a17th Century (1601-1700)$1http://www.wikidata.org/entity/Q7016$920923
=650  \0$aMusic theory$1http://www.wikidata.org/entity/Q193544$92662
=700  \\$4edt$aBuson, Frédéric de$915733
=765  \\$aCompendium musicæ
=942  \\$cBOO
=952  \\$00$10$2ddc$40$6TRE_DESC$70$8TRE$913719$aORPH$bORPH$cKTS1_H$d2016-11-06$g29.34$l1$oTRE DESC$p20138948$r2022-06-08 00:00:00$s2021-03-12$w2021-01-12$yBOO
=999  \\$d13753

