=LDR  02257aam a2200253   4500
=001  13756
=005  20251001162234.0
=008  120417s1997\\\\\\\\\\\\\\\\\\\\\\0\eng
=020  \\$a9781566631778
=041  \\$aeng
=100  \\$aWorringer, Wilhelm$4aut$915736
=245  \\$aAbstraction and Empathy:$bA Contribution to the Psychology of Style
=260  \\$aChicago$bElephant Paperbacks$c1997
=300  \\$a144 pages
=520  \\$aWilhelm Worringer?s landmark study in the interpretation of modern art, first published in 1908, has seldom been out of print. Its profound impact not only on art historians and theorists but also for generations of creative writers and intellectuals is almost unprecedented. Starting from the notion that beauty derives from our sense of being able to identify with an object, Worringer argues that representational art produces satisfaction from our ?objectified delight in the self,? reflecting a confidence in the world as it is?as in Renaissance art. By contrast, the urge to abstraction, as exemplified by Egyptian, Byzantine, primitive, or modern expressionist art, articulates a totally different response to the world: it expresses man?s insecurity. Thus in historical periods of anxiety and uncertainty, man seeks to abstract objects from their unpredictable state and transform them into absolute, transcendental forms. Abstraction and Empathy also has a sociological dimension, in that the urge to create fixed, abstract, and geometric forms is a response to the modern experience of industrialization and the sense that individual identity is threatened by a hostile mass society. Hilton Kramer?s introduction considers the influence of Worringer?s thesis and places his book in historical context.


=534  \\$aOriginally published in 1908
=648  \0$a20th Century (1901-2000)$1http://www.wikidata.org/entity/Q6927$920936
=650  \0$aAesthetics$1http://www.wikidata.org/entity/Q35986$921494
=651  \0$aGermany$1http://www.wikidata.org/entity/Q183$9155
=700  \\$4trl$aBullock, Michael$923351
=765  \\$aAbstraktion und Einfühlung
=942  \\$cBOO
=952  \\$00$10$2ddc$40$6AES_WORR$70$8AES$913722$aORPH$bORPH$cKM12_1$d2022-01-04$oAES WORR$p20137599$r2021-01-12 00:00:00$w2021-01-12$yBOO
=999  \\$d13756

