=LDR  01405aam a2200205   4500
=001  13757
=005  20250120120052.0
=008  120716s2004\\\\\\\\\\\\\\\\\\\1\\0dger
=020  \\$a3897272660
=041  \\$ager
=100  \\$4dte$aSchnebel, Dieter$d1930-2018$1http://www.wikidata.org/entity/Q264475$916780
=245  \\$aAbwege und Konsequenzen: Dieter Schnebel in Kaiserslautern
=260  \\$aSaarbrücken$bPFAU$c2004
=300  \\$a28 pages
=520  \\$a1953 bis 1963 arbeitete Dieter Schnebel als Pfarrer und Lehrer in Kaiserslautern. In dieser Zeit entstanden aber auch einige seiner wichtigsten Kompositionen, innerhalb seines Gesamtoeuvres gar die radikalsten.
Der Band dokumentiert eine Ausstellung, die die Stadt Kaiserslautern dem Komponisten widmete. Teils historische, teils aktuelle Materialien würdigen den Komponisten Schnebel. Aus den «Abwegen», die ihn einst nach Kaiserslautern führten, resultieren bei der Rückkehr nach über vierzig Jahren zahlreiche «Konsequenzen» in seiner Musik und seinem (Musik-) Denken. Gleichzeitig begegnet Schnebel seiner Vergangenheit neu.
=590  \\$aKatalog zur Ausstellung in der Fruchthalle Kaiserslautern 25.6.-27.8.2004
=700  \\$4edt$aFricke, Stefan$915737
=942  \\$cBOO
=952  \\$00$10$2ddc$40$6REF_4_000000000000000_SCHN$70$8REF$913723$aORPH$bORPH$cKM12_1$d2021-08-23$g8.00$oREF4 SCHN$p20134761$r2021-01-12 00:00:00$w2021-01-12$yBOO
=999  \\$d13757

