=LDR  01917aam a2200229   4500
=001  13758
=005  20250120120906.0
=008  150414s2007\\\\\\\\\\\\\\\\\\\\\\0\ger
=020  \\$a9783883962351
=041  \\$ager
=100  \\$aHan, Byung-Chul$d1959-$4aut$1http://www.wikidata.org/entity/Q495875$915738
=245  \\$aAbwesen:$bZur Kultur and Philosophie des Fernen Ostens
=260  \\$aBerlin$bMerve$c2007
=300  \\$a157 pages
=490  \\$aInternationaler Merve Diskurs$v301
=520  \\$a"Ein Land, wo einer, der »ich« sagt, schleunig in die Erde versinkt. (Elias Canetti) Im Westen war das Fremde lange Zeit Gegenstand gewaltsamer Aus¬schließung oder Vereinnahmung. Es war nicht präsent im Inneren des Eige¬nen. Und heute? Gibt es noch das Fremde? Derzeit gibt man sich gerne dem Glauben hin, alle glichen irgendwie einander. So verschwindet das Fremde wieder aus dem Inneren des Eigenen. Vielleicht wäre es nicht von Nachteil, daran zu glauben, dass es tatsächlich jenes Land gibt, wo einer, der »ich« sagt, schleunig in die Erde versinkt. Es ist heilsam, bei sich einen Raum für das Fremde freizuhalten. Das wäre auch ein Zeichen der Freundlichkeit. Das vorliegende Buch stellt eine fremde Kultur vor, eine Kultur des Abwesens, die den Bewohnern der abendländischen Kultur, die sich am Wesen orientiert, recht wundersam erscheinen wird. Byung-Chul Han, geboren in Seoul, Studium der Philosophie, der Germanistik und der Katholischen Theologie in Freiburg und München, Privatdozent am Philosophi¬schen Semi¬nar der Universität Basel."
=648  \0$a21st Century (2001-2100)$1http://www.wikidata.org/entity/Q6939$920812
=650  \0$aPhilosophy$1http://www.wikidata.org/entity/Q5891$92357
=651  \0$aFar East$925685
=942  \\$cBOO
=952  \\$00$10$2ddc$40$6PHI_HAN_A$70$8PHI$913724$aORPH$bORPH$cKM12_3_2$d2021-07-29$g12.00$oPHI HAN a$p20133284$r2021-01-12 00:00:00$w2021-01-12$yBOO
=999  \\$d13758

