=LDR  02483aam a2200181   4500
=001  13760
=005  20250120120013.0
=008  120928s2012\\\\\\\\\\\\\\\\\\\\\\0\eng
=020  \\$a9789461908193
=041  \\$aeng
=100  \\$aEvers, Frans$4aut$915740
=245  \\$aThe Academy of the Senses:$bSynesthetics in Science, Art, and Education
=260  \\$aThe Hague$bArtScience Interfaculty Press$c2012
=300  \\$a296 pages
=520  \\$aFrans Evers  The Academy of the Senses.
Frans Evers. The Academy of the Senses: Synesthetics in Science, Art, and Education. Edited by Vincent W.J. van Gerven Oei. The Hague: ArtScience Press, 2012.

Frans Everss The Academy of the Senses is a book wanting to be three books at once. A study of the scientific approaches to synesthesia, related to the psycho-physical research conducted by Evers during his studies at the university; an alternative art history of the twentieth century based on the double paradigm of Castels clavecin oculaire and Wagners Gesamtkunstwerk; and a full account of the genesis of the Interfaculty Image & Sound. To encompass this entire range of subject, Evers coined a new term, synesthetics, to denote the experience, creative force, and study of synesthesia.

Throughout his career, Evers has profiled himself as an educational reformer. Together with electronic music pioneer Dick Raaijmakers, he started a series of projects and lectures exploring the interaction of music and fine arts, which culminated in the establishment of the first multimedia department in the Netherlands, the Interfaculty Image & Sound at the University of the Arts in The Hague, which Evers headed from 1989 until 2007. This book maps out the theoretical and artistic foundations of this educational reform project, as well as its synesthetic output: large multi-media performances such as a reworking of Anton Schoenbergs Die Glückliche Hand, Mondrians Promenoir, and Scheuer im Haag.

The Academy of the Senses is a source book, a work of inspiration, rather than a rigid account of historical facts. It provides anyone with an interest in the wondrous realm of multimedia arts and synesthesia as a creative force, whether student or professional, an introduction into the foundations and extensions of seeing sound and hearing colors throughout the centuries.
=942  \\$cBOO
=952  \\$00$10$2ddc$40$6PHI_EVER_A$70$8PHI$913726$aORPH$bORPH$cKM12_3_2$d2021-08-09$oPHI EVER a$p20133266$r2021-01-12 00:00:00$w2021-01-12$yBOO
=999  \\$c13760$d13760

