=LDR  01773aam a2200181   4500
=001  13767
=005  20250120120013.0
=008  131211s2010\\\\\\\\\\\\\\\\\\\\\\0\eng
=020  \\$a9781441161369
=041  \\$aeng
=100  \\$aLabelle, Brandon$4aut$915750
=245  \\$aAcoustic Territoires:$bSound Culture and Everyday Life
=260  \\$aNew York$bBloomsbury$c2010
=300  \\$a276 pages
=520  \\$aAcoustic Territories: Sound Culture and Everyday Life offers an expansive reading of auditory life. It provides a careful consideration of the performative dynamics inherent to sound culture and acts of listening, and discusses how auditory studies may illuminate understandings of contemporary society. Combining research on urbanism, popular culture and auditory issues, Acoustic Territories opens up multiple perspectives - it challenges debates surrounding noise pollution and charts an "acoustic politics of space" by unfolding auditory experience as located within larger cultural histories and related ideologies.

Brandon LaBelle traces auditory life through a topographic structure: beginning with underground territories, through to the home as a site, and then further, to streets and neighborhoods, and finally to the sky itself. This structure follows sound as it appears in specific auditory designs, as it is mobilized within various cultural projects, and queries how it comes to circulate through everyday life as a medium for social transformation. Acoustic Territories uncovers the embedded tensions and potentiality inherent to sound as it exists in the everyday spaces around us.
=942  \\$cBOO
=952  \\$00$10$2ddc$40$6GEN_21_000000000000000$70$8GEN$913733$aORPH$bORPH$cKM12_1$d2022-01-27$oGEN21$p20135379$r2021-01-12 00:00:00$w2021-01-12$yBOO
=999  \\$d13767

