=LDR  00461aam a2200145   4500
=001  13794
=005  20250120120013.0
=008  140428s1996\\\\\\\\\\\\\\\\\\\\\\0\e
=041  \\$aeng
=100  \\$aPeijnenburg, Jeanne$4aut$915752
=245  \\$aActing against one's best judgement
=300  \\$a335
=942  \\$cBOO
=952  \\$00$10$2ddc$40$6PHI_PEIJ_A$70$8PHI$913760$aORPH$bORPH$cKM12_3_2$d2021-08-17$oPHI PEIJ a$p20133891$r2021-01-12 00:00:00$w2021-01-12$yBOO
=999  \\$c13794$d13794

