=LDR  01975aam a2200181   4500
=001  13795
=005  20250120120013.0
=008  120308s2005\\\\\\\\\\\\\\\\\\\\\\0\e
=020  \\$a9780262140881
=041  \\$aeng
=100  \\$aNoë, Alva$4aut$915753
=245  \\$aAction in perception
=260  \\$aCambridge$bThe MIT Press$c2005
=300  \\$a277
=520  \\$a"Perception is not something that happens to us, or in us," writes Alva Noë. "It is something we do." In Action in Perception, Noë argues that perception and perceptual consciousness depend on capacities for action and thought?that perception is a kind of thoughtful activity. Touch, not vision, should be our model for perception. Perception is not a process in the brain, but a kind of skillful activity of the body as a whole. We enact our perceptual experience.

To perceive, according to this enactive approach to perception, is not merely to have sensations; it is to have sensations that we understand. In Action in Perception, Noë investigates the forms this understanding can take. He begins by arguing, on both phenomenological and empirical grounds, that the content of perception is not like the content of a picture; the world is not given to consciousness all at once but is gained gradually by active inquiry and exploration. Noë then argues that perceptual experience acquires content thanks to our possession and exercise of practical bodily knowledge, and examines, among other topics, the problems posed by spatial content and the experience of color. He considers the perspectival aspect of the representational content of experience and assesses the place of thought and understanding in experience. Finally, he explores the implications of the enactive approach for our understanding of the neuroscience of perception.


=942  \\$cBOO
=952  \\$00$10$2ddc$40$6PHI_NOE_A$70$8PHI$913761$aORPH$bORPH$cKM12_3_2$d2021-08-10$oPHI NOE a$p20133502$r2021-01-12 00:00:00$w2021-01-12$yBOO
=999  \\$c13795$d13795

