=LDR  01288aam a2200193   4500
=001  13799
=005  20250120120013.0
=008  150206s1924\\\\\\\\\\\\\\\\\\\\\\0\e
=020  \\$a970413630803
=041  \\$aeng
=100  \\$aStanislavski, Constantin$4aut$915755
=245  \\$aAn actor's handbook
=260  \\$aLondon$bMethuen$c1924
=250  \\$a7
=300  \\$a160
=520  \\$a"I have felt there was nothing for me to do except to devote my labour and energy almost exclusively to the study of Creative Nature...I have acquired a sum of experience in the course of long years of work and this is what I have sought to share with you." (Stanislavski)Here in concise form is what Stanislavski said about acting, alphabetically arranged to aid students, professionals and lay people interested in the stage craft. These collected short statements on a variety of subjects cannot replace the full expression of Stanislavski's ideas and discoveries in his other books, but they will serve to refresh the reader's memory and pinpoint what Stanislavski has to offer enquiring minds both in and out of the theatre.
=942  \\$cBOO
=952  \\$00$10$2ddc$40$6LIT_STAN_A$70$8LIT$913766$aORPH$bORPH$cKM12_2_H$d2021-08-30$g13.00$oLIT STAN a$p20131311$r2021-01-12 00:00:00$w2021-01-12$yBOO
=999  \\$c13799$d13799

