=LDR  01890aam a2200229   4500
=001  13800
=005  20250120120917.0
=008  180425s2015\\\\\\\\\\\\\\\\\\\\\\0\mul
=020  \\$a9789187483165
=041  \\$aeng$aswe
=245  \\$aActs of Creation:$bThoughts on artistic research supervision
=260  \\$aHöör$bBrutus Östlings Bokförlag Symposion$c2015
=300  \\$a215 pages
=520  \\$aWhy do we need to think about artistic research supervision when doctoral supervision in general is such a well-established field? What particular skills are needed for a supervisor to get under the skin of an artistic research project? How can PhD candidates be guided so that the artistic projects develop fruitfully? What are the ethical implications of supervising an artistic research project? What is the meaning of method and theory in this kind of research? And how will the supervisors contribute to the development of the field of artistic research?

The texts in this anthology comprise the results of discussions between a group of supervisors at Konstnärliga forskarskolan, the Swedish artistic research school over the past few years. They reflect the need for rethinking traditional principles, procedures and structures in the complex field of artistic research supervision. From a variety of perspectives, the authors share experiences and future visions that may contribute to a continued discussion on the further development of artistic research.
=650  \0$aArtistic research$1http://www.wikidata.org/entity/Q20827087$921804
=650  \0$aEducation$926206
=700  \\$4edt$aFrisk, Henrik$915756
=700  \\$4edt$aJohansson, Karin$915757
=700  \\$4edt$aLindberg-Sand, Åsa$915758
=942  \\$cBOO
=952  \\$00$10$2ddc$40$6MTP_3_000000000000000_FRIS$70$8MTP$913767$aORPH$bORPH$cKM12_1$d2021-08-30$oMTP3 FRIS$p20134054$r2021-01-12 00:00:00$w2021-01-12$yBOO
=999  \\$d13800

