=LDR  00652aam a2200157   4500
=001  13801
=005  20250120120013.0
=008  150521s1949\\\\\\\\\\\\\\\\\\\\\\0\f
=041  \\$afre
=100  \\$aGarric, Robert$4aut$915759
=245  \\$aActualité de Pascal: Rede uitgesproken bij de aanvaarding van het ambt hoogleraar in de Franse literatuur aan de R.K. universiteit te Nijmegen op 9 december 1949
=260  \\$aNijmegen, Utrecht$bDekker & Van Vegt$c1949
=300  \\$a27
=942  \\$cBOO
=952  \\$00$10$2ddc$40$6PHI_PASC_B_GARR$70$8PHI$913768$aORPH$bORPH$cKM12_3_2$d2021-08-17$oPHI PASC b GARR$p201338777$r2021-01-12 00:00:00$w2021-01-12$yBOO
=999  \\$c13801$d13801

