=LDR  02135aam a2200253   4500
=001  13802
=003  OI
=005  20251001162234.0
=008  120411s1993\\\\\\\\\\\\\\\\\\\\\\0\ger
=020  \\$a9789053520383
=041  \\$adut$hger
=100  \\$aGadamer, Hans-Georg$d1900-2002$4aut$910070
=245  \\$aDe actualiteit van het schone:$bkunst als spel, symbool en feest
=260  \\$aAntwerp$bBoom$c1993
=300  \\$a87 pages
=520  \\$aHans-Georg Gadamer (1900), grondlegger van de wijsgerige hermeneutiek, heeft de naoorlogse filosofie blijvend beïnvloed. In zijn hoofdwerk Wahrheit und Methode (1960) ontwerpt hij een hermeneutische theorie van de ervaring. Hij beklemtoont dat menselijke ervaring gekenmerkt wordt door een gerichtheid op waarheid die meer is dan methode en aan elke methodische werkwijze ten grondslag ligt.
In het korte geschrift Die Aktualität des Schönen (1977) past Gadamer de hermeneutische benadering toe op een van de terreinen van de menselijke ervaring: de kunst. Wat is de hermeneutische identiteit van een kunstwerk? Deze vraag dringt zich op telkens wanneer een breuk zichtbaar wordt met de traditionele kunstbeoefening en -opvatting. De moderne kunst stelt ons opnieuw voor de opgave te bepalen wat kunst is en criteria te formuleren die het mogelijk maken zowel de traditionele als de hedendaagse kunstuitingen onder een gemeenschappelijke noemer te brengen.
Aan de hand van de begrippen spel, symbool en feest ontwikkelt Gadamer de these dat het kunstwerk, omdat het ons aanspreekt, ons de gelijktijdigheid van verleden en toekomst in het heden laat ervaren. Hierin ligt, aldus Gadamer, de actualiteit van het schone.

=590  \\$aOriginally published in 1977
=648  \0$a20th Century (1901-2000)$1http://www.wikidata.org/entity/Q6927$920936
=650  \0$aAesthetics$1http://www.wikidata.org/entity/Q35986$921494
=700  \\$4trl$aHeitmeijer, Rianne$915761
=765  \\$aDie Aktualität des Schönen
=942  \\$cBOO
=952  \\$00$10$2ddc$40$6PHI_GADA_A$70$8PHI$913769$aORPH$bORPH$cKM12_3_2$d2021-08-11$g560.00$oPHI GADA a$p20133625$r2021-01-12 00:00:00$w2021-01-12$yBOO
=999  \\$c13802$d13802

