=LDR  01392aam a2200229   4500
=001  13806
=005  20251016154702.0
=008  121105s2001\\\\\\\\\\\\\\\\\\\\\\0dger\d
=020  \\$a3923997965
=041  \\$ager
=100  \\$4edt$aGrünzweig, Werner$915765
=245  \\$aAd notam.$b15 Konzerte zur Ausstellung Artur Schnabel: Musiker Musician 1882-1951. Programmbuch
=260  \\$aBerlin$bStiftung Archiv der Akademie der Künste$bWolke$c2001
=300  \\$a80 pages
=520  \\$aIm Auftrag der Stiftung Archiv der Akademie der Künste herausgegeben von Werner Grünzweig.
Texte und Essays von Claudio Arrau, Carl Flesch, Claude Frank, David Goldberger, Harris Goldsmith, William Glock, Ernst Krenek, Hugo Leichtentritt,Theodor Leschetizky. Ausgewählte Schriften, Reden und Briefe von Artur Schnabel.

Beschreibung der Ausstellungsexponate. Daten zur Biographie, Werkverzeichnis, Bibliographie.
=600  \0$aSchnabel, Artur$d1882-1951$1http://www.wikidata.org/entity/Q213688$919051
=648  \0$a20th Century (1901-2000)$1http://www.wikidata.org/entity/Q6927$920936
=650  \0$aPianist$1http://www.wikidata.org/entity/Q486748$92959
=651  \0$aGermany$1http://www.wikidata.org/entity/Q183$9155
=942  \\$cBOO
=952  \\$00$10$2ddc$40$6BIO_SCHN5_C$70$8BIO$913773$aORPH$bORPH$cKTS1_P$d2021-10-19$g28.00$oBIO SCHN5 c$p20129888$r2021-01-12 00:00:00$w2021-01-12$yBOO$VWolke Verlag
=999  \\$d13806

