=LDR  01969aam a2200253   4500
=001  13808
=005  20251001162312.0
=008  141212s2014\\\\\\\\\\\\\\\\\\\\\\0\eng
=020  \\$a9781137429872
=041  \\$aeng
=245  \\$aAdorno and Performance
=260  \\$aHampshire$bPalgrave Macmillan$c2014
=300  \\$a244 pages
=490  \\$aPerformance Philosophy$v3
=520  \\$aThe work of the leading Frankfurt School philosopher Theodor W. Adorno (1903-1969) continues to have an immense influence on contemporary cultural and critical theory, sociology, musicology, aesthetics, and political thought. Just as Adorno's theoretical approach spans a wide interdisciplinary terrain, so too does the emerging field of performance philosophy bring many disciplinary approaches together to articulate a renewed understanding of the practice of philosophy and the philosophical dimensions of performance. Adorno and Performance argues for the 'actuality' of Adorno's philosophy of art and dialectical criticism for the discipline of performance philosophy, where, following Max Pensky, the term actuality refers to both 'relevance for the present and its concerns' or 'up to date,' 'still in fashion.' The volume's essays work through Adorno's philosophy as it relates to theatre, drama, music, aesthetics, everyday life, the relation of art to society, theory to practice, and other domains of 'performance.'
=600  \0$aAdorno, Theodor W.$d1903-1969$1http://www.wikidata.org/entity/Q152388$915795
=648  \0$a20th Century (1901-2000)$1http://www.wikidata.org/entity/Q6927$920936
=650  \0$aMusic philosophy and aesthetics$1http://www.wikidata.org/entity/Q2092865$921165
=650  \0$aPerformance$926223
=700  \\$4edt$aDaddario, Will$915767
=700  \\$4edt$aGritzner, Karoline$915768
=942  \\$cBOO
=952  \\$00$10$2ddc$40$6AES_DADD$70$8PHI$913775$aORPH$bORPH$cKM12_1$d2014-11-19$g27.50$oAES DADD$p20133070$r2021-01-12 00:00:00$w2021-01-12$yBOO
=999  \\$d13808

