=LDR  00635aam a2200169   4500
=001  13811
=005  20230123101033.0
=008  170929s2008\\\\\\\\\\\\\\\\\\\\\\0\eng
=041  \\$aeng
=100  \\$aWaltham-Smith, Naomi$4aut$915771
=245  \\$aAdorno's Augenblick and the ethics of Late Beethoven
=260  \\$aLondon$bKing's College$c2008
=300  \\$a308 pages
=520  \\$aThesis submitted to King's College London for the degree of doctor in philosophy
=942  \\$cDIS
=952  \\$00$10$2ddc$40$6MTP_5_000000000000000_WALT$70$8MTP$913778$aORPH$bORPH$cKM12_1$d2021-08-31$oMTP5 WALT$p20131407$r2021-01-12 00:00:00$w2021-01-12$yDIS
=999  \\$d13811

