=LDR  01904aam a2200217   4500
=001  13821
=005  20250708140043.0
=008  130318s2009\\\\\\\\\\\\\\\\\\\\\\0\eng
=020  \\$a978074564312
=041  \\$aeng$hfre
=100  \\$aRancière, Jacques$d1940-$4aut$1http://www.wikidata.org/entity/Q467470$915781
=245  \\$aAesthetics and its Discontents
=260  \\$aMalden$bPolity$c2009
=300  \\$a143 pages
=520  \\$aOnly yesterday aesthetics stood accused of concealing cultural games of social distinction. Now it is considered a parasitic discourse from which artistic practices must be freed.
But aesthetics is not a discourse. It is an historical regime of the identification of art. This regime is paradoxical, because it founds the autonomy of art only at the price of suppressing the boundaries separating its practices and its objects from those of everyday life and of making free aesthetic play into the promise of a new revolution.

Aesthetics is not a politics by accident but in essence. But this politics operates in the unresolved tension between two opposed forms of politics: the first consists in transforming art into forms of collective life, the second in preserving from all forms of militant or commercial compromise the autonomy that makes it a promise of emancipation.

This constitutive tension sheds light on the paradoxes and transformations of critical art. It also makes it possible to understand why today's calls to free art from aesthetics are misguided and lead to a smothering of both aesthetics and politics in ethics.
=534  \\$aOriginally published in 2004
=765  \\$aMalaise dans l’esthétique
=942  \\$cBOO
=952  \\$00$10$2ddc$40$6PHI_RANC_A$70$8PHI$913789$aORPH$bORPH$cKM12_3_2$d2021-08-04$g15.19$oPHI RANC a$p20135719$r2021-01-12 00:00:00$w2021-01-12$yBOO
=999  \\$c13821$d13821
=650  \0$aPhilosophy$1http://www.wikidata.org/entity/Q5891$92357

