=LDR  01961aam a2200301   4500
=001  13824
=003  OI
=005  20251001162312.0
=008  120125s1996\\\\\\\\\\\\\\\\\\\\\\0\eng
=020  \\$a9780521360357
=041  \\$aeng
=245  \\$aAesthetics and the art of musical composition in the German Enlightenment:$bSelected writings of Johann Georg Sulzer and Heinrich Christoph Koch
=260  \\$aCambridge$bCambridge University Press$c1996
=300  \\$a224 pages
=490  \\$aCambridge Studies in Music Theory and Analysis$v7
=520  \\$aThe writings of Sulzer and Koch represent a significant confluence of philosophical and musical thought from the German Enlightenment. Koch creatively adapted many of Sulzer's abstract philosophical ideas to concrete questions of musical pedagogy, showing how they could be usefully applied to the teaching and analysis of musical composition. This collaborative study and translation of the texts will be of interest to all historians of music, music theory, and historians of eighteenth-century German aesthetic thought.
=648  \0$a18th Century (1701-1800)$1http://www.wikidata.org/entity/Q7015$920899
=650  \0$aMusic philosophy and aesthetics$1http://www.wikidata.org/entity/Q2092865$921165
=650  \0$aComposing$1http://www.wikidata.org/entity/Q92186587$93076
=650  \0$aEnlightenment$1http://www.wikidata.org/entity/Q12539$94532
=651  \0$aGermany$1http://www.wikidata.org/entity/Q183$9155
=700  \\$aSulzer, Johann Georg$d1720-1779$4aut$1http://www.wikidata.org/entity/Q27598299$97607
=700  \\$aKoch, Heinrich Christoph$d1749-1816$1http://www.wikidata.org/entity/Q87294$94830
=700  \\$4edt$aBaker, Nancy Kovaleff$d-1948$eEditor$914846
=700  \\$4edt$aChristensen, Thomas$eEditor$916412
=942  \\$cBOO
=952  \\$00$10$2ddc$40$6TRE_SULZ$70$8TRE$913792$aORPH$bORPH$cKTS1_H$d2022-08-29$l3$m1$oTRE SULZ$p20134889$r2022-08-30 00:00:00$s2021-12-22$w2021-01-12$yBOO
=999  \\$d13824

