=LDR  02459aam a2200253   4500
=001  13827
=005  20250925143300.0
=008  150910t2015\\\\\\\\\\\\\\\\\\\\\\0\eng
=020  \\$a9780415831031
=041  \\$aeng$hger
=100  \\$4aut$aGoebbels, Heiner$915789
=245  \\$aAesthetics of Absence:$bTexts on Theatre
=260  \\$aNew York$bRoutledge$c2015
=300  \\$a111 pages
=520  \\$aAesthetics of Absence presents a significant challenge to the many embedded assumptions and hierarchical structures that have become naturalised in western theatre production. This is the first English translation of a new collection of writings and lectures by Heiner Goebbels, the renowned German theatre director, composer and teacher. These writings map Goebbels engagement with Aesthetics of Absence through his own experience at the forefront of innovative music-theatre and performance making.

In this volume, Goebbels reflects on works created over a period of more than 20 years staged throughout the world; introduces some of his key artistic influences, including Robert Wilson and Jean-Luc Godard; discusses the work of his students and ex-students, the collective Rimini Protokoll; and sets out the case for a radical rethinking of theatre and performance education. He gives us a rare insight into the rehearsal process of critically acclaimed works such as Eraritjaritjaka and Stifters Dinge, explaining in meticulous detail the way he weaves an eclectic range of references from fine art, theatre, literature, politics, anthropology, contemporary and classical music, jazz and folk, into his multi-textured music-theatre compositions.

As an artist who is prepared to share his research and demystify the processes through which his own works come into being, as a teacher with a coherent pedagogical strategy for educating the next generation of theatre-makers, in this volume, Goebbels brings together practice, research and scholarship.
=648  \0$a20th Century (1901-2000)$1http://www.wikidata.org/entity/Q6927$920936
=653  \\$aart philosophy & esthetics
=700  \\$4edt$aCollins, Jane$915790
=700  \\$4trl$aRoesner, David$915791
=700  \\$4trl$aLagao, Christina, M.$915792
=942  \\$cBOO
=952  \\$00$10$2ddc$40$6TRE_GOEB$70$8TRE$913795$aORPH$bORPH$cKTS1_H$d2015-08-17$g48.00$l0$oTRE GOEB$p20136099$r2021-01-12 00:00:00$w2021-01-12$yBOO
=999  \\$c13827$d13827
=650  \0$aPhilosophy$1http://www.wikidata.org/entity/Q5891$92357

