=LDR  01522aam a2200265   4500
=001  13830
=005  20251001162234.0
=008  120523s2010\\\\\\\\\\\\\\\\\\\\\\0\eng
=020  \\$a9780745646442
=041  \\$aeng$hfre
=100  \\$aRancière, Jacques$d1940-$4aut$1http://www.wikidata.org/entity/Q467470$915781
=245  \\$aThe Aesthetic Unconscious
=260  \\$aCambridge$bPolity$c2010
=300  \\$a95
=520  \\$aThis book is not concerned with the use of Freudian concepts for the interpretation of literary and artistic works. Rather, it is concerned with why this interpretation plays such an important role in demonstrating the contemporary relevance of psychoanalytic concepts. In order for Freud to use the Oedipus complex as a means for the interpretation of texts, it was necessary first of all for a particular notion of Oedipus, belonging to the Romantic reinvention of Greek antiquity.
=534  \\$cParis: Galilée, 2001
=648  \0$a21st Century (2001-2100)$1http://www.wikidata.org/entity/Q6939$920812
=650  \0$aPhilosophy$1http://www.wikidata.org/entity/Q5891$92357
=650  \0$aConsciousness$1http://www.wikidata.org/entity/Q7087$924419
=650  \0$aAesthetics$1http://www.wikidata.org/entity/Q35986$921494
=651  \0$aFrance$1http://www.wikidata.org/entity/Q142$9131
=765  \\$aL'Inconscient esthétique
=942  \\$cBOO
=952  \\$00$10$2ddc$40$6PHI_RANC_A$70$8PHI$913798$aORPH$bORPH$cKM12_3_2$d2021-08-04$g8.19$oPHI RANC a$p20133042$r2021-01-12 00:00:00$w2021-01-12$yBOO
=999  \\$d13830

