=LDR  00556aam a2200169   4500
=001  13834
=005  20250120120015.0
=008  120309s2000\\\\\\\\\\\\\\\\\\\\\\0\d
=020  \\$a9783495478950
=041  \\$ager
=100  \\$aGmür, Felix$4aut$915797
=245  \\$aÄsthetik bei Wittgenstein: Über Sagen und Zeigen
=260  \\$aMünchen$bAlber$c2000
=300  \\$a288
=942  \\$cBOO
=952  \\$00$10$2ddc$40$6PHI_WITT_B_GMUR$70$8PHI$913803$aORPH$bORPH$cKM12_3_2$d2021-08-09$g1570.00$oPHI WITT b GMUR$p20133373$r2021-01-12 00:00:00$w2021-01-12$yBOO
=999  \\$c13834$d13834

