=LDR  01307aam a2200253   4500
=001  13837
=005  20251001162234.0
=008  120628s1993\\\\\\\\\\\\\\\\\\\\\\0\ger
=020  \\$a3161461592
=041  \\$ager
=100  \\$aGadamer, Hans-Georg$d1900-2002$4aut$910070
=245  \\$aÄsthetik und Poetik
=260  \\$aTübingen$bMohr$c1993
=300  \\$a2 vols. (451+481 pages)
=490  \\$aGesammelte Werke$v8-9
=520  \\$aHans-Georg Gadamer (1900-2002) lehrte Philosophie an den Universitäten Marburg, Leipzig, Frankfurt am Main und Heidelberg und war einer der angesehensten Philosophen deutscher Sprache im 20. Jahrhundert.
=648  \0$a20th Century (1901-2000)$1http://www.wikidata.org/entity/Q6927$920936
=650  \0$aAesthetics$1http://www.wikidata.org/entity/Q35986$921494
=650  \0$aHermeneutics$1http://www.wikidata.org/entity/Q102686$922567
=651  \0$aGermany$1http://www.wikidata.org/entity/Q183$9155
=942  \\$cBOO
=952  \\$00$10$2ddc$3II: Hermeneutik im Vollzug$40$6PHI_GADA_A$70$8PHI$913805$aORPH$bORPH$cKM12_3_2$d2021-08-11$g3351.00$oPHI GADA a$p20133670$r2021-01-12 00:00:00$w2021-01-12$yBOO
=952  \\$00$10$2ddc$3I: Kunst als Aussage $40$6PHI_GADA_A$70$8PHI$913806$aORPH$bORPH$cKM12_3_2$d2021-08-11$oPHI GADA a$p20133671$r2021-01-12 00:00:00$w2021-01-12$yBOO
=999  \\$d13837

