=LDR  03057aam a2200265   4500
=001  13838
=005  20251001162234.0
=008  160224s2014\\\\\\\\\\\\\\\\\\\\\\0\ger\d
=020  \\$a9783037346679
=041  \\$ager
=245  \\$aÄsthetisches Denken:$bNicht-Propositionalität, Episteme, Kunst
=260  \\$aZürich$bDiaphanes$c2014
=300  \\$a304 pages
=520  \\$aAnstelle eines »ästhetischen Denkens« verhandelt die Debatte um artistic research vor allem institutionenkritische Fragen wie die Verortung von Kunst als Forschung in der Bologna-Reform oder die Subsumption künstlerischer Praxis unter einen unangemessenen Begriff wissenschaftlicher Forschung. Was aber wäre die eigentliche epistemische Kraft von Kunst? Wären nicht sowohl die eingefahrenen Modelle der »Institution Kunst« als auch ein auf Propositionalität und Aussagewahrheit beschränkter Erkenntnisbegriff zu umgehen, um ästhetisches Denken umreißen zu können? Im Buch werden dazu künstlerische und philosophische Positionen vorgestellt. Zudem entwirft eine Tool-Box eine alternative Karte von relevanten Feldern des ästhetischen Denkens, um der Debatte neue Begriffe an die Hand zu geben. Mit Beiträgen von Florian Dombois, Alexander García Düttmann, Mira Fliescher, Jochen Gerz, Dieter Mersch, Isabel Mundry, Michaela Ott und Mirjam Steiner.Anstelle eines »ästhetischen Denkens« verhandelt die Debatte um artistic research vor allem institutionenkritische Fragen wie die Verortung von Kunst als Forschung in der Bologna-Reform oder die Subsumption künstlerischer Praxis unter einen unangemessenen Begriff wissenschaftlicher Forschung. Was aber wäre die eigentliche epistemische Kraft von Kunst? Wären nicht sowohl die eingefahrenen Modelle der »Institution Kunst« als auch ein auf Propositionalität und Aussagewahrheit beschränkter Erkenntnisbegriff zu umgehen, um ästhetisches Denken umreißen zu können? Im Buch werden dazu künstlerische und philosophische Positionen vorgestellt. Zudem entwirft eine Tool-Box eine alternative Karte von relevanten Feldern des ästhetischen Denkens, um der Debatte neue Begriffe an die Hand zu geben. Mit Beiträgen von Florian Dombois, Alexander García Düttmann, Mira Fliescher, Jochen Gerz, Dieter Mersch, Isabel Mundry, Michaela Ott und Mirjam Steiner.
=648  \0$a21st Century (2001-2100)$1http://www.wikidata.org/entity/Q6939$920812
=650  \0$aAesthetics$1http://www.wikidata.org/entity/Q35986$921494
=650  \0$aArtistic research$1http://www.wikidata.org/entity/Q20827087$921804
=650  \0$aEpisteme$1http://www.wikidata.org/entity/Q1164521$924648
=700  \\$aDombois, Florian$1http://www.wikidata.org/entity/Q1429638$4edt$915799
=700  \\$aFliescher, Mira$4edt$915800
=700  \\$aMersch, Dieter$1http://www.wikidata.org/entity/Q1222486$4edt$915801
=700  \\$aRintz, Julia$4edt$915802
=942  \\$cBOO
=952  \\$00$10$2ddc$40$6PHI_DOMB_AVIS_DOMB$70$8PHI$913807$aORPH$bORPH$cKM12_3_2$d2021-08-05$g29.00$oPHI DOMB a-->VIS DOMB$p20133091$r2021-01-12 00:00:00$w2021-01-12$yBOO
=999  \\$d13838

