=LDR  01325aam a2200181   4500
=001  13839
=005  20250120120015.0
=008  120113s1998\\\\\\\\\\\\\\\\\\\\\\0\d
=020  \\$a9783518293079
=041  \\$ager
=100  \\$aAdorno, Theodor W.$d1903-1969$4aut$1http://www.wikidata.org/entity/Q152388$915795
=245  \\$aÄsthetische Theorie
=260  \\$aFrankfurt am Main$bSuhrkamp taschenbuch wissenschaft$c1998
=300  \\$a568
=520  \\$aAesthetic Theory is the penultimate draft of Adorno's major text on aesthetics, published in an edition prepared by Gretal Adorno and Rolf Tiedemann in the year following Adorno's death. Along with Negative Dialectics and a projected book on ethics, Adorno intended Aesthetic Theory to ?show what I have to throw into the scale? (Adorno 1997, p. 459). Aesthetic Theory is the final summary of a lifetime of philosophical and sociological reflection on the arts. Yet because it is only a penultimate draft and, as its editors note, it is not the work that Adorno himself would have sent to the printers (Adorno 1997, p. 459). This fact, along with a first translation that lent itself too readily to easy ...
=942  \\$cBOO
=952  \\$00$10$2ddc$40$6PHI_ADOR_A$70$8PHI$913808$aORPH$bORPH$cKM12_3_2$d2021-08-03$oPHI ADOR a$p20132912$r2021-01-12 00:00:00$w2021-01-12$yBOO
=999  \\$c13839$d13839

