=LDR  02373aam a2200181   4500
=001  13842
=005  20230123101038.0
=008  130322s2010\\\\\\\\\\\\\\\\\\\\\\0\d
=020  \\$a9783869160726
=041  \\$ager
=100  \\$aOtt, Michaela$4aut$915804
=245  \\$aAffizierung als ästhetisch-epistemische Figur
=260  \\$aMünchen$bEdition text + kritik$c2010
=300  \\$a513
=520  \\$aDa in der Gegenwart allenthalben affektive Einsprüche und Wunschartikulationen von 
Einzelnen und gesellschaftlichen Gruppen vorgetragen werden, die Ergebnis von 
technologisch-medial gestützten Affizierungsvorgängen sind und, frei nach Rancière, als 
gesellschaftliche Neuaufteilungen des Sinnlichen verstanden werden können, möchte ich die 
Veranstaltung zur Ästhetischen Theorie an dieser Figur entlangführen. 
In einem ersten Schritt werde ich jene Theorien von Merleau-Ponty und Deleuze präsentieren, 
die den Vorgang der Affizierung als ontologische und anthropologische Begründungsfigur 
entwickeln und das Aisthetische zur ersten Ästhetik erklären. In diesen Philosophien wird 
die Genese menschlicher Sinnlichkeit wie auch die Grundlegung von Zeitigungs- und 
Bildbildungsprozessen als Voraussetzung für spätere ästhetische und epistemische 
Artikulationen skizziert; es wird aber auch mit Nietzsche und Spinoza ein affekgeleitetes 
Denken und die Entwicklung eines nicht-anthropomorphen künstlerischen Affektausdrucks 
als implizite ästhetische Norm proklamiert. 
In einem zweiten Schritt möchte ich auf der Basis dieser Philosopheme künstlerische 
Praktiken auf ihre Affektgenerierung hin untersuchen, wobei mir vorschwebt, dass neben von 
mir angebotenen Filmen (u.a. von Steve McQueen, Angela Melitopoulos, Pedro Costa) 
weitere Kunstwerke von den TeilnehmerInnen vorgestellt und diese gemeinsam analysiert 
und erörtert werden. 
In einem dritten Schritt, der die Frage der Konstitution und wechselseitigen Affizierung 
wissenschaftlicher Episteme im Blick haben könnte, ließen sich weiterführende Texte von 
Deleuze, Aby Warburg, Georges Didi-Hubermann, Angerer, Braidotti und anderen lesen und 
auf die Erörterung aktueller gesellschaftlicher Praktiken anwenden.
=942  \\$cBOO
=952  \\$00$10$2ddc$40$6PHI_OTT_A$70$8PHI$913811$aORPH$bORPH$cKM12_3_2$d2021-08-17$g27.98$oPHI OTT a$p20133893$r2021-01-12 00:00:00$w2021-01-12$yBOO
=999  \\$c13842$d13842

