=LDR  01438aam a2200193   4500
=001  13844
=005  20250120120015.0
=008  120330s2004\\\\\\\\\\\\\\\\\\\\\\0\eng
=020  \\$a9780715616635
=041  \\$aeng
=100  \\$aMacIntyre, Alasdair$4aut$915806
=245  \\$aAfter Virtue:$bA Study in Moral Theory
=260  \\$aLondon$bDuckworth$c2004
=300  \\$a286 pages
=520  \\$aWhen After Virtue first appeared in 1981, it was recognized at once as a significant and potentially controversial critique of contemporary moral philosophy. Now, in a new chapter, Alasdair MacIntyre responds to the questions and considerations raised by the many admirers and critics who made After Virtue such a widely read and discussed work of philosophy. Taking into account the dialogue generated by his book over the past three years, he elaborates his position on the relationship of philosophy to history, the virtues and the issue of relativism, and the relationship of moral philosophy to theology. In doing so, MacIntyre sustains the claims of his central conclusions to rational justification and demonstrates further the accountability of philosophy to the world and times it seeks to describe.
=650  \0$aPhilosophy$1http://www.wikidata.org/entity/Q5891$92357
=942  \\$cBOO
=952  \\$00$10$2ddc$40$6PHI_MACL_A$70$8PHI$913813$aORPH$bORPH$cKM12_3_2$d2021-08-02$g18.00$oPHI MACL a$p20132829$r2021-01-12 00:00:00$w2021-01-12$yBOO
=999  \\$d13844

