=LDR  02332aam a2200205   4500
=001  13845
=005  20251001162312.0
=008  180213s2018\\\\\\\\\\\\\\\\\\\\\\0\eng
=020  \\$a9788278532164
=041  \\$aeng
=100  \\$aBuene, Eivind$4aut$915807
=245  \\$aAgain and Again and Again:$bMusic as Site, Situation and Repetition
=260  \\$aOslo$bNorges musikkhøgskole$c2018
=300  \\$a137 pages
=490  \\$aThe Arne Nordheim Centre for Artistic Research$v2
=520  \\$aAgain and Again and Again is about new musical works that in various ways integrate historical music as important components. The texts were written during Eivind Buene's fellowship in The Norwegian Artistic Research Programme, where he investigated the critical potential in the repetition of music history, working with the historical residue in the apparatus of production and performance of new music. 
Through the emergence of advanced technology of storage and reproduction in the twentieth century, the function of historical memory has changed, something that has been thoroughly dealt with in fine arts and in critical theory. Repetition is a central term in works where new practices relive old ones and simultaneously make these strategies the object of critical scrutiny. In music, this harbours an approach to the artistic material where the institutions, places, formats and situations of music become material as much as pitch, duration and timbre. 
According to these interests, Buene composed three works during the project period: a piece for orchestra and electronics made within the framework of the orchestral performance  the symphonic site; a work where the situation of chamber music performance was thematized; and a performance where the intimacy of the private musical space has been investigated. 
These works are reflected in this body of text, where ideas in and around the works are discussed in three different formats: the essay, the brief note and excerpts from two of Buenes novels, written in conjunction with his artistic research.
=650  \0$aMusic philosophy and aesthetics$1http://www.wikidata.org/entity/Q2092865$921165
=942  \\$cBOO
=952  \\$00$10$2ddc$40$6MTP_2_000000000000000_BUEN$70$8MTP$913814$aORPH$bORPH$cKM12_1$d2022-09-27$l0$oMTP2 BUEN$p20135520$r2021-01-12 00:00:00$w2021-01-12$yBOO
=999  \\$d13845

