=LDR  01108aam a2200181   4500
=001  13846
=005  20230123091200.0
=008  120222s1990\\\\\\\\\\\\\\\\\\\\\\0\e
=020  \\$a978-0691014845
=041  \\$aeng
=100  \\$aEllis, John M.$4aut$915808
=245  \\$aAgainst deconstruction
=260  \\$aNew Jersey$bPrinceton university press$c1990
=300  \\$a184
=520  \\$a"The focus of any genuinely new piece of criticism or interpretation must be on the creative act of finding the new, but deconstruction puts the matter the other way around: its emphasis is on debunking the old. But aside from the fact that this program is inherently uninteresting, it is, in fact, not at all clear that it is possible. . . . [T]he navet of the crowd is deconstruction's very starting point, and its subsequent move is as much an emotional as an intellectual leap to a position that feels different as much in the one way as the other. . .
=942  \\$cBOO
=952  \\$00$10$2ddc$40$6PHI_ELLI_A$70$8PHI$913815$aORPH$bORPH$cKM12_3_2$d2021-08-05$oPHI ELLI a$p20133101$r2021-01-12 00:00:00$w2021-01-12$yBOO
=999  \\$c13846$d13846

