=LDR  01443aam a2200253   4500
=001  13847
=005  20250925143301.0
=008  120511s2009\\\\\\\\\\\\\\\\\\\\\\0\eng
=020  \\$a9780141190068
=041  \\$aeng
=100  \\$aSontag, Susan$d1933-2004$4aut$1http://www.wikidata.org/entity/Q152824$915809
=245  \\$aAgainst Interpretation$band Other Essays
=250  \\$a3rd ed.
=260  \\$aLondon$bPenguin$c2009
=300  \\$a312 pages
=490  \\$aPenguin Classics
=520  \\$aFirst published in 1966, this celebrated book--Sontag's first collection of essays--quickly became a modern classic, and has had an enormous influence in America and abroad on thinking about the arts and contemporary culture. As well as the title essay and the famous "Notes on Camp," Against Interpretation includes original and provocative discussions of Sartre, Simone Weil, Godard, Beckett, science-fiction movies, psychoanalysis, and contemporary religious thinking. This edition features a new afterword by Sontag.
=534  \\$aOriginally published in 1966
=648  \0$a20th Century (1901-2000)$1http://www.wikidata.org/entity/Q6927$920936
=650  \0$aPhilosophy$1http://www.wikidata.org/entity/Q5891$92357
=651  \0$aUSA$1http://www.wikidata.org/entity/Q30$943
=942  \\$cBOO
=952  \\$00$10$2ddc$40$6PHI_SONT_A$70$8PHI$913816$aORPH$bORPH$cKM12_3_2$d2021-08-18$g12.00$oPHI SONT a$p20133959$r2021-01-12 00:00:00$w2021-01-12$yBOO
=999  \\$d13847

