=LDR  02117aam a2200193   4500
=001  13848
=005  20250120120018.0
=008  120907s1993\\\\\\\\\\\\\\\\\\\\\\0\eng
=020  \\$a9780860916468
=041  \\$aeng
=100  \\$aFeyerabend, Paul$4aut$915810
=245  \\$aAgainst Method:$bOutline of an Anarchistic Theory of Knowledge
=250  \\$a3rd ed.
=260  \\$aLondon$bVerso$c1993
=520  \\$aIn this work, Feyerabend argues that science is an anarchic enterprise. In the context of this work, the term anarchy refers to epistemological anarchy. Feyerabend divides his argument into an abstract critique followed by a number of historical case studies. The abstract critique is a reductio ad absurdum of methodological monism (the belief that a single methodology can produce scientific progress). Feyerabend goes on to identify four features of methodological monism: the principle of falsification, a demand for increased empirical content, the forbidding of ad hoc hypotheses and the consistency condition. He then demonstrates that these features imply that science could not progress, hence an absurdity for proponents of the scientific method.
The historical case studies also act as a reductio. Feyerabend takes the premise that Galileo's advancing of a heliocentric cosmology was an example of scientific progress. He then demonstrates that Galileo did not adhere to the conditions of methodological monism. Feyerabend also argues that, if Galileo had adhered to the conditions of methodological monism, then he could not have advanced a heliocentric cosmology. This implies that scientific progress would have been impaired by methodological monism. Again, an absurdity for proponents of the scientific method. Feyerabend summarises his reductions with the phrase "anything goes". This is the only overarching methodology he can offer which does not inhibit the progress of science.
=534  \\$aOriginally published in 1975
=942  \\$cBOO
=952  \\$00$10$2ddc$40$6PHI_FEYE_A$70$8PHI$913817$aORPH$bORPH$cKM12_3_2$d2021-08-09$g20.00$oPHI FEYE a$p20133281$r2021-01-12 00:00:00$w2021-01-12$yBOO
=999  \\$d13848

