=LDR  01593aam a2200205   4500
=001  13852
=005  20250120120015.0
=008  150414s2012\\\\\\\\\\\\\\\\\\\\\\0\ger
=020  \\$a9783882219739
=041  \\$ager
=100  \\$aHan, Byung-Chul$d1959-$4aut$1http://www.wikidata.org/entity/Q495875$915738
=245  \\$aAgonie des Eros
=260  \\$aBerlin$bMatthes & Seitz$c2012
=300  \\$a73 pages
=520  \\$aDer Eros gilt dem Anderen im emphatischen Sinne, der sich ins Regime des Ich nicht einholen lässt. In der Hölle des Gleichen, der die heutige Gesellschaft immer mehr ähnelt, gibt es daher keine erotische Erfahrung. Sie setzt die Transzendenz, die radikale Singularität des Anderen voraus. Der heutige Terror der Immanenz, der alles zum Gegenstand der Konsumtion macht, zerstört das erotische Begehren. Nicht zufällig heißt Sokrates als Geliebter atopos. Der Andere, den ich begehre und der mich fasziniert, ist ortlos. Er entzieht sich der Sprache des Gleichen. Es ist ein Kennzeichen der immer narzisstischer werdenden Gesellschaft von heute, dass der Andere verschwindet fatalerweise unbemerkt. Die Müdigkeitsgesellschaft, in der man erschöpft von sich selbst ist, ohne sich zum Anderen hin befreien zu können, ist eine Gesellschaft ohne Eros.
=648  \0$a21st Century (2001-2100)$1http://www.wikidata.org/entity/Q6939$920812
=650  \0$aPhilosophy$1http://www.wikidata.org/entity/Q5891$92357
=942  \\$cBOO
=952  \\$00$10$2ddc$40$6PHI_HAN_A$70$8PHI$913821$aORPH$bORPH$cKM12_3_2$d2021-07-29$g9.00$oPHI HAN a$p20132791$r2021-01-12 00:00:00$w2021-01-12$yBOO
=999  \\$d13852

