=LDR  00624aam a2200181   4500
=001  13853
=005  20250120120513.0
=008  130419s1976\\\\\\\\\\\\\\\\\\\\\\0\eng
=020  \\$a0226342417
=041  \\$aeng
=100  \\$aHirsch, E. D.$4aut$915814
=245  \\$aThe Aims of Interpretation
=260  \\$aChicago$aLondon$bUniversity of Chicago Press$c1976
=300  \\$a177 pages
=650  \0$aHermeneutics$1http://www.wikidata.org/entity/Q102686$922567
=942  \\$cBOO
=952  \\$00$10$2ddc$40$6PHI_HIRS_A$70$8PHI$913822$aORPH$bORPH$cKM12_3_2$d2021-08-09$g15.00$oPHI HIRS a$p20133304$r2021-01-12 00:00:00$w2021-01-12$yBOO
=999  \\$d13853

