=LDR  01802aam a2200337   4500
=001  13858
=003  OSt
=005  20250925143301.0
=008  110919s1991\\\\\\\g|||\\\\\\\\\\\0deng\d
=020  \\$a9780521330169
=040  \\$cOI
=041  \\$aeng$hger
=100  \\$aAdorno, Theodor W.$d1903-1969$4aut$1http://www.wikidata.org/entity/Q152388$915795
=245  \\$aAlban Berg:$bMaster of the smallest link
=260  \\$aCambridge$bCambridge University Press$c1991
=300  \\$a156 pages
=500  \\$aFor the original text in German, see PHI ADOR a
=520  \\$aAdorno's study of Austrian composer Alban Berg (1885-1935) is a sui generis document. In addition to Adorno's personal account of of the life and musical works of his mentor, friend, and composition teacher, the book explores the historical and cultural significance of Berg's music, its relationship to that of other nineteenth- and twentieth-century composers, and to the larger issues of contemporary life.
=534  \\$aOriginally published in 1965
=600  \0$aBerg, Alban$d1885-1935$1http://www.wikidata.org/entity/Q78475$915987
=648  \0$a20th Century (1901-2000)$1http://www.wikidata.org/entity/Q6927$920936
=650  \0$aComposer$1http://www.wikidata.org/entity/Q36834$93625
=650  \0$aBiography$1http://www.wikidata.org/entity/Q36279$91927
=650  \0$aMusical analysis$1http://www.wikidata.org/entity/Q1544924$92775
=651  \0$aVienna (Austria)$1http://www.wikidata.org/entity/Q1741$920937
=700  \\$4trl$aBrand, Juliane$924779
=700  \\$4trl$aHailey, Christopher$924780
=765  \\$aAlban Berg: Der Meister des kleinsten Übergangs
=942  \\$cBOO
=952  \\$00$10$2ddc$40$70$8PHI$913827$aORPH$bORPH$cKM12_3_2$d2021-12-22$l1$m1$p201138$r2022-08-30 00:00:00$s2021-03-10$w2021-01-12$yBOO
=999  \\$d13858

