=LDR  01470aam a2200265   4500
=001  13859
=005  20250925143301.0
=008  111018s1983\\\\\\\\\\\\\\\\\\\\\\0beng\d
=020  \\$a0841908419
=041  \\$aeng
=100  \\$aCarner, Mosco$d1904-1985$4aut$1http://www.wikidata.org/entity/Q6915415$915818
=245  \\$aAlban Berg:$bThe Man and the Work
=250  \\$a2nd ed.
=260  \\$aNew York$bHolmes & Meier$c1983
=300  \\$a314 pages
=520  \\$aIn this book, published with the approval of Berg's widow, Dr. Carner follows his biography with a close analysis of Berg's works one by one. Dr Carner makes much of the long and fruitful relationships in Vienna and Berlin between Berg and his teacher Arnold Schonberg (1874-1951), adding greatly to our knowledge by extensive quotation from the largely unpublished Berg-Schonberg correspondence.
=534  \\$aOriginally published in 1975
=600  \0$aBerg, Alban$d1885-1935$1http://www.wikidata.org/entity/Q78475$915987
=648  \0$a20th Century (1901-2000)$1http://www.wikidata.org/entity/Q6927$920936
=650  \0$aComposer$1http://www.wikidata.org/entity/Q36834$93625
=650  \0$aBiography$1http://www.wikidata.org/entity/Q36279$91927
=651  \0$aVienna (Austria)$1http://www.wikidata.org/entity/Q1741$920937
=942  \\$cBOO
=952  \\$00$10$2ddc$40$6BIO_BERG_D$70$8BIO$913828$aORPH$bORPH$cKTS1_P$d2022-08-19$l1$m2$oBIO BERG d$p20131948$r2022-08-30 00:00:00$s2021-03-10$w2021-01-12$yBOO
=999  \\$d13859

