=LDR  00889acm a2200229   4500
=001  13864
=005  20250120120022.0
=008  170710s\\\\\\\\\\\\\\\\\\\\\\\\\\0\\\\
=245  \\$aAlbum musica$n31
=260  \\$aParis$bLafitte$cs.d.
=300  \\$a95
=700  \\$4cmp$aBeliczay, Jul. V.$915833
=700  \\$4cmp$aBarthelemy, R.$915834
=700  \\$4cmp$aGoublier, Gustave$915835
=700  \\$4cmp$aGodard, Benjamin$d1849-1895$1http://www.wikidata.org/entity/Q817524$920647
=700  \\$4cmp$aCilèa, Francesco$d1866-1950$1http://www.wikidata.org/entity/Q250952$915837
=700  \\$4cmp$aLeoncavallo, Ruggiero$d1858-1919$1http://www.wikidata.org/entity/Q189015$915839
=700  \\$4cmp$aMayneri, A.$915840
=700  \\$4cmp$aBloch, A.$915841
=942  \\$cSCO
=952  \\$00$10$2ddc$40$70$8SCO$913833$aORPH$bORPH$cKM12_1$d2022-09-18$l0$p20116883$r2021-01-12 00:00:00$w2021-01-12$ySCO
=999  \\$d13864

