=LDR  01260aam a2200253   4500
=001  13867
=005  20251003085459.0
=008  121105s2012\\\\\\\\\\\\\\\\\\\\\\0\ger
=020  \\$a9783936000283
=041  \\$aeng
=100  \\$4aut$aGrünzweig, Werner$915765
=245  \\$aAlexander Goehr: $b"Fings ain't wot they used t' be"
=260  \\$aHofheim am Taunus$bWolke$c2012
=300  \\$a157 pages
=490  \\$aArchive zur Musik des 20. und 21. Jahrhundert$v13
=505  \\$aIn Dialogue with the Past / Werner Grünzweig -- Es ist nicht wie es war. The Music of Alexander Goehr / Paul Griffiths -- Learning to Compose / Alexander Goehr -- Catalogue of the Music Manuscripts in the Alexander Goehr Archive
=600  \0$aGoehr, Alexander$d-1932$1http://www.wikidata.org/entity/Q215847$923330
=648  \0$a20th Century (1901-2000)$1http://www.wikidata.org/entity/Q6927$920936
=650  \0$aComposer$1http://www.wikidata.org/entity/Q36834$93625
=650  \0$aBiography$1http://www.wikidata.org/entity/Q36279$91927
=650  \0$aCatalogue$1http://www.wikidata.org/entity/Q2352616$921484
=942  \\$cBOO
=952  \\$00$10$2ddc$40$6BIO_GOEH_D$70$8BIO$913836$aORPH$bORPH$cKTS1_P$d2021-12-28$g24.00$oBIO GOEH d$p20129823$r2021-01-12 00:00:00$w2021-01-12$yBOO
=999  \\$d13867

