=LDR  01795aam a2200205   4500
=001  13871
=005  20250120120022.0
=008  120308s1997\\\\\\\\\\\\\\\\\\\\\\0\dut\
=020  \\$a9789054871583
=041  \\$adut
=100  \\$aPetrella, Riccardo$4aut$915847
=245  \\$aHet algemeen belang: Lof van de solidariteit
=250  \\$a3
=260  \\$aBrussels$bVUBPRESS$c1997
=300  \\$a127
=490  \\$aMaatschappij en technisch-wetenschappelijke ontwikkelingen$v4
=520  \\$aWe besteden een derde van onze tijd aan eten, vrije tijd, bijscholing, hobby's, communicatie, mode en huisverfraaiing. Aan cultuur dus. Tegelijk bekijken we mensen met een andere cultuur soms met argwaan. We hebben allemaal radio, televisie, telefoon en internet, en zijn daardoor meer dan ooit op de wereld gericht. Toch wil de overheid ons nog meer laten participeren aan cultuur, omdat we anders verzuurde burgers worden. 

De overheid wordt daarbij geconfronteerd met allerlei nieuwe problemen: enerzijds zijn er de multiculturele eisen van de mondige cultuurconsument, anderzijds is er de groeiende roep naar een 'zuivere cultuur' vanuit extreem-rechtse hoek. Wat is de inbreng van cultuurmakers en kunstenaars in onze mediatieke wereld nog waard? Rik Pinxten houdt die tegen het licht aan de hand van enkele concrete kunstinitiatieven die op de grens zitten tussen hoogindividuele kunstproductie en publiek aanbod. 

Cultuurparticipatie is een recht, en in onze verstedelijkte regio worden kunst en cultuur misschien wel een cruciale toetssteen voor de democratie en de leefbaarheid in en van een multiculturele maatschappij. 

=942  \\$cBOO
=952  \\$00$10$2ddc$40$6PHI_PETR_A$70$8PHI$913840$aORPH$bORPH$cKM12_3_2$d2021-08-17$g9.25$oPHI PETR a$p20133884$r2021-01-12 00:00:00$w2021-01-12$yBOO
=999  \\$c13871$d13871

