=LDR  01543aam a2200205   4500
=001  13883
=005  20250120120023.0
=008  150513s2014\\\\\\\\\\\\\\\\\\\\\\0\e
=020  \\$a9781472525208
=041  \\$aeng
=100  \\$4Editor$aFaber, Roland$915861
=100  \\$4Editor$aGoffey, Andrew$915862
=245  \\$aThe allure of things: Process and object in contemporary philosophy
=260  \\$aLondon$bBloomsbury academic$c2014
=300  \\$a251
=520  \\$aThe Allure of Things: Process and Object in Contemporary Philosophy contests the view that metaphysics is something to be overcome. By focusing on process and object oriented ontology (OOO) and rejecting the privileging of human existence over the existence of non-human objects, this collection explores philosophy's concern with things themselves. Interest in Latour, Stengers, Whitehead, Harman and Meillassoux has prompted a resurgence of ontological questions outside the traditional subject-object framework of modern critical thought. This new collection consequently proposes a pragmatic and pluralist approach to 'modes of existence'. Drawing together an international range of leading scholars, The Allure of Things fully covers the similarities between OOO and process philosophy, and is an essential addition to the literature on metaphysics.
=490  \\$aBloomsbury studies in philosophy
=942  \\$cBOO
=952  \\$00$10$2ddc$40$6PHI_FABE_A$70$8PHI$913852$aORPH$bORPH$cKM12_3_2$d2021-08-09$g68.00$oPHI FABE a$p20133265$r2021-01-12 00:00:00$w2021-01-12$yBOO
=999  \\$c13883$d13883

