=LDR  01668aam a2200193   4500
=001  13885
=005  20250120120023.0
=008  131115s2013\\\\\\\\\\\\\\\\\\\\\\0\e
=020  \\$a9780982743911
=041  \\$aeng
=100  \\$aCaux, Jacqueline$4aut$915864
=245  \\$aAlmost nothing with Luc Ferrari: Interviews with texts and imaginary autobiographies by Luc Ferrari
=260  \\$bErrant bodies press$c2013
=300  \\$a173
=520  \\$aPerhaps the only postwar classical composer to invest avant-garde music with overt eroticism, Luc Ferrari (1929-2005) was one of France's leading composers of the twentieth century, relentlessly experimental while always preserving his keen sense of humor. Ferrari was a first-generation exponent of musique concrète, and made brilliant use of field recordings to develop sensual, proto-ambient narrative that he termed "anecdotal music" or "cinema for the ear." Perhaps the most notorious instance of this approach was Danses Organiques (1973), for which Ferrari recorded the meeting and sexual encounter of two young women, cut with other ambient and music sound. In his final decades Ferrari was championed by David Grubbs (of Gastr del Sol), who brought his music to a postrock audience. Almost Nothing is the first publication on this composer. It alternates Jacqueline Caux's interviews with 14 "imaginary autobiographies" by the composer, offering a lively account of new music's most revolutionary era.
=490  \\$aCritical Ear
=942  \\$cBOO
=952  \\$00$10$2ddc$40$6BIO_FERR_B$70$8BIO$913854$aORPH$bORPH$cKTS1_P$d2021-10-19$g19.00$oBIO FERR b$p20129777$r2021-01-12 00:00:00$w2021-01-12$yBOO$Vamazon.com
=999  \\$c13885$d13885

