=LDR  01063aam a2200169   4500
=001  13888
=005  20250120120024.0
=008  120328s2002\\\\\\\\\\\\\\\\\\\\\\0\\\\
=020  \\$a9789058750570
=100  \\$aVande Veire, Frank$4aut$915867
=245  \\$aAls in een donkere spiegel: De kunst in de moderne filosofie
=260  \\$aAmsterdam$bSun$c2002
=300  \\$a356
=520  \\$aDe moderne filosofie heeft iets met kunst. Zowat alle belangrijke filosofen, te beginnen bij Kant, hebben zich intensief met kunst ingelaten. Van veertien van hen wordt de kunstopvatting uitvoerig uiteengezet. Het zijn: Kant, Schiller, Schelling, Hölderlin, Hegel, Nietzsche, Heidegger, Benjamin, Bataille, Adorno, Blanchot, Freud, Lacan en Derrida. 

De nadruk in de bespreking ligt op de wijze waarop bij elke filosoof het bestaan van de kunst aan de kern van zijn filosofie raakt. De kunst is voor... 

=942  \\$cBOO
=952  \\$00$10$2ddc$40$6PHI_VAND_A$70$8PHI$913857$aORPH$bORPH$cKM12_3_2$d2021-08-06$g3.00$oPHI VAND a$p20133204$r2021-01-12 00:00:00$w2021-01-12$yBOO
=999  \\$c13888$d13888

