=LDR  04306aam a2200349   4500
=001  13894
=005  20250120120245.0
=008  190513s1838\\\\\\\\\\\\\\\\\\\\\\0\mul\d
=041  \\$ager$adut
=100  \\$aFallersleben, Hoffmann von$d1798-1874$1http://www.wikidata.org/entity/Q76938$4edt$4aut$915873
=245  \\$aAltniederländische Schaubühne:$babele Spelen ende Sotternien
=246  \1$aHorae Belgicae.$bStudio atque opera Henrici Hoffmann Fallerlebensis. Pars sexta.
=260  \\$aBreslau$bAderholz$c1838
=300  \\$alii-264 pages$bred edges, title page in red and black ink
=490  \\$aHorae Belgicae$vVol.6
=500  \\$aThe middle age 'abele spelen' are the oldest plays of a worldly, non-religious nature known in the Dutch language, and among the oldest known in West-European theatre. 
=500  \\$aAn abel game takes place in high circles and the problems are important, a matter of life and death, while the sotternie takes place in a low environment, with 'small-scale', 'vulgar' problems. The sotternie was popular in nature, and therefore often on the rough side. Verbal and physical violence were not avoided. A well-known theme was that of the bossy wife and the dorky husband. The sotternie served as a counterbalance to the bare abel game and can be compared to the phenomenon of 'comic relief' as occurs in the tragedies of William Shakespeare, whereby a comic episode is slowed down somewhat after a period of tension.
=500  \\$aHoffmann was a German patriotic poet, philologist, and literary historian whose poem “Deutschland, Deutschland über alles” was adopted as the German national anthem after World War I. His uncomplicated verses, expressing his deep love of country, were of great significance to the German student movement. Hoffmann's particular interest was the Old Dutch language. He made a total of eight trips to Holland and Flanders, where he became the founder of Dutch philology and received an honorary doctorate from Leiden University. Such a journey following his studies in Bonn is described in the introduction to his collection of Old Dutch songs, which he published thirty years later under the title Loverkens in the Horae Belgicae series and dedicated to the University of Göttingen.
=505  \\$gEinleitung.
Nachträge.
Een beghinsel van allen spelen.
I. Esmoreit Een abel spel van Esmoreit, sconincs sone van Cecilien, ende ene sotternie daer na volghende.
II. Lippijn Hier beghint die sotternie.
III. Gloriant Een abel spel ende een edel dinc van den hertoghe van Bruunswijc, hoe hi wert minnende des rode lioens dochter van Abelant, ende ene sotternie na volghende.
IV. Die Buskenblaser Hier beghint die sotternie.
V. De Hexe. Hier beghint die sotternie.
VI. Drie daghe here. Ene sotte boerde ende ene goede sotternie.
VII. De Truwanten.
VIII. Winter ende Somer. Een abel spel van den winter ende van den somer, ende ene sotternie na volghende.
IX. Rubben. Hier beghint die sotternie.
Lantsloot. Een abel spel van Lanseloot van Denemerken, hoe hi wert minnende ene joncfrou, die met siere moeder diende, ende ene sotternie na volghende.
Anmerkungen.
Zum beghinsel van allen spelen.
Spielleute.
Zu Esmoreit.
Zu Lippijn.
Zu Gloriant.
Zum Buskenblaser.
Zur Hexe
Zu Drie daghe here.
Zu den Truwanten.
Zu Winter ende Somer.
Zu Rubben.
Glossarium
=648  \0$aMiddle Ages (500-1400)$1http://www.wikidata.org/entity/Q12554$920964
=648  \0$a19th Century (1801-1900)$1http://www.wikidata.org/entity/Q6955$920935
=650  \0$aTheater history$1http://www.wikidata.org/entity/Q1061140$94607
=650  \0$aComedy$1http://www.wikidata.org/entity/Q40831$921436
=650  \0$aPlay (theater)$1http://www.wikidata.org/entity/Q25379$921414
=650  \0$aPoetry$1http://www.wikidata.org/entity/Q482$93026
=651  \0$aFlanders (Belgium)$1http://www.wikidata.org/entity/Q234$989
=651  \0$aNetherlands$1http://www.wikidata.org/entity/Q55$9173
=856  \\$uhttps://books.google.be/books?vid=GENT900000029062&printsec=frontcover#v=onepage&q&f=false$3Google Books
=856  \\$uhttps://books.google.be/books?id=0-BlAAAAcAAJ$3Google Books
=942  \\$cBOO
=952  \\$00$10$2ddc$40$6KTS_1_000000000000000_H_04_045$70$8RAR$913863$aORPH$bORPH$cKTS1_H$d2022-01-31$oKTS1 H.04.045$p20146610$r2021-01-12 00:00:00$w2021-01-12$yBOO
=999  \\$d13894

