=LDR  02183aam a2200217   4500
=001  13895
=005  20251001162312.0
=008  130318s2012\\\\\\\\\\\\\\\\\\\\\\0\dut
=020  \\$a9789029082679
=041  \\$adut$heng
=100  \\$aSennett, Richard$d-1943$4aut$1http://www.wikidata.org/entity/Q450412$915874
=245  \\$aDe ambachtsman: $bDe mens als maker
=260  \\$aAmsterdam$bMeulenhoff$c2012
=300  \\$a367 pages
=520  \\$aIn De ambachtsman komt juist een geschiedenis van het ambacht voorbij. Van werk dus waarbij de beoefenaren precies weten waar ze mee bezig waren. Waarbij Sennett tracht uit te leggen wat de diepere betekenissen zijn geweest van de almaar toegenomen arbeidsspecialisatie door de eeuwen heen. Die waren niet altijd positief. Op het momenten dat specialisten zich gingen organiseren, bijvoorbeeld in gilden, betekende dit bijvoorbeeld ook dat kennis gemonopoliseerd werd; en buiten het bereik van anderen werd gehouden.
Tegelijk bevat dit boek ook een langdurige ode aan de hand, met de opponeerbare duim. Want, tezamen met het oog, en enige coördinatie, kan die hand zo veel voortbrengen aan moois. Waarbij Sennett opvallend veel aandacht heeft voor beroepen waarvan wij de ambachtelijkheid nog wel even zullen waarderen. Van musici is meteen te horen of ze enige vaardigheid bezitten. Bij chefkoks is dat nog altijd te proeven.
Sennett beschrijft daarbij hoe gereedschappen zich ontwikkelden, en hoe met die werktuigen de mogelijkheden die de mens had almaar groeiden.
En dan schrijft hij er niet bij: vergelijk die sensatie nu eens met het rondschuiven van een computermuis, en het intikken van een internetadres.
De ambachtsman is dus misschien wel het meest een boek over het verlies van tastbaarheid in het werk. En in de tweede plaats een verhandeling over het bijbehorende statusverlies van handwerk.
=650  \0$aMusic philosophy and aesthetics$1http://www.wikidata.org/entity/Q2092865$921165
=700  \\$4trl$aPaassen, Willem van$923244
=765  \\$aThe Craftsman
=942  \\$cBOO
=952  \\$00$10$2ddc$40$6HUM_SENN$70$8HUM$913864$aORPH$bORPH$cKM12_1$d2013-03-15$g24.95$oHUM SENN$p20137608$r2021-01-12 00:00:00$w2021-01-12$yBOO
=999  \\$d13895

