=LDR  02213aam a2200181   4500
=001  13897
=005  20250120120025.0
=008  150910s2001\\\\\\\\\\\\\\\\\\\\\\0\e
=020  \\$a0674005813
=041  \\$aeng
=100  \\$aSutton-Smith, Brian$4aut$915876
=245  \\$aThe ambiguity of play
=260  \\$aHarvard$bHarvard university press$c2001
=300  \\$a276
=520  \\$aEvery child knows what it means to play, but the rest of us can merely speculate. Is it a kind of adaptation, teaching us skills, inducting us into certain communities? Is it power, pursued in games of prowess? Fate, deployed in games of chance? Daydreaming, enacted in art? Or is it just frivolity? Brian Sutton-Smith, a leading proponent of play theory, considers each possibility as it has been proposed, elaborated, and debated in disciplines from biology, psychology, and education to metaphysics, mathematics, and sociology.

Sutton-Smith focuses on play theories rooted in seven distinct rhetoricsthe ancient discourses of Fate, Power, Communal Identity, and Frivolity and the modern discourses of Progress, the Imaginary, and the Self. In a sweeping analysis that moves from the question of play in child development to the implications of play for the Western work ethic, he explores the values, historical sources, and interests that have dictated the terms and forms of play put forth in each discourses objective theory.

This work reveals more distinctions and disjunctions than affinities, with one striking exception: however different their descriptions and interpretations of play, each rhetoric reveals a quirkiness, redundancy, and flexibility. In light of this, Sutton-Smith suggests that play might provide a model of the variability that allows for natural selection. As a form of mental feedback, play might nullify the rigidity that sets in after successful adaption, thus reinforcing animal and human variability. Further, he shows how these discourses, despite their differences, might offer the components for a new social science of play.
=942  \\$cBOO
=952  \\$00$10$2ddc$40$6PHI_SUTT_A$70$8PHI$913866$aORPH$bORPH$cKM12_3_2$d2021-08-04$oPHI SUTT a$p20133051$r2021-01-12 00:00:00$w2021-01-12$yBOO
=999  \\$c13897$d13897

