=LDR  02694aam a2200301   4500
=001  13901
=005  20251030165041.0
=008  180425s2000\\\\\\\g\\\\\\\\\\\\\\0\eng\d
=020  \\$a9780520224827
=041  \\$aeng
=100  \\$aCrawford, Richard$4aut$915879
=245  \\$aThe American Musical Landscape:$bThe Business of Musicianship from Billings to Gershwin
=260  \\$aBerkeley, CA$bUniversity of California Press$c2000
=300  \\$a381 pages
=520  \\$aIn this refreshingly direct and engaging historical treatment of American music and musicology, Richard Crawford argues for the recognition of the distinct and vital character of American music. What is that character? How has musical life been supported in the United States and how have Americans understood their music? Exploring the conditions within which music has been made since the time of the American Revolution, Crawford suggests some answers to these questions. 

Surveying the history of several musical professions in the United States; composing, performing, teaching, and distributing music, Crawford highlights the importance of where the money for music comes from and where it goes. This economic context is one of his book's key features and gives a real-life view that is both fascinating and provocative. Crawford discusses interconnections between classical and popular music, using New England psalmody, nineteenth-century songs, Duke Ellington, and George Gershwin to illustrate his points. 

Because broad cultural forces are included in this unique study, anyone interested in American history and American Studies will find it as appealing as will students and scholars of American music.
=600  10$1http://www.wikidata.org/entity/Q1348460$aBillings, William$d1746-1800$926304
=600  \0$1http://www.wikidata.org/entity/Q123829$aGershwin, George$d1898-1937$924111
=648  \0$1http://www.wikidata.org/entity/Q7015$a18th Century (1701-1800)$920899
=648  \0$1http://www.wikidata.org/entity/Q6955$a19th Century (1801-1900)$920935
=648  \0$1http://www.wikidata.org/entity/Q6927$a20th Century (1901-2000)$920936
=650  \0$1http://www.wikidata.org/entity/Q846047$aMusic history$921373
=650  \0$1http://www.wikidata.org/entity/Q159810$aEconomy$921625
=650  \0$aTeaching$1http://www.wikidata.org/entity/Q352842$923444
=650  \0$aComposing$1http://www.wikidata.org/entity/Q92186587$1http://www.wikidata.org/entity/Q11895763$93076
=651  \0$1http://www.wikidata.org/entity/Q30$aUSA$943
=942  \\$cBOO
=952  \\$00$10$2ddc$40$6TOP_US_5_000000000000000$70$8TOP$913870$aORPH$bORPH$cKTS0$d2018-04-24$l0$oTOP US 5$p20130910$r2021-01-12 00:00:00$w2021-01-12$yBOO
=999  \\$d13901

