=LDR  02039aam a2200229   4500
=001  13905
=005  20251027171032.0
=008  140430s2006\\\\\\\o\\\\\\\\\\\\\\0\eng\d
=020  \\$a9780819569448
=041  \\$aeng
=100  \\$aShannon, H. Jonathan$4aut$915883
=245  \\$aAmong the Jasmine Trees:$bMusic and Modernity in Contemporary Syria
=260  \\$aMiddletown$bWesleyan University Press$c2006
=300  \\$a252 pages
=520  \\$aHow does a Middle Eastern community create a modern image through its expression of heritage and authenticity? In Among the Jasmine Trees: Music and Modernity in Contemporary Syria, Jonathan H. Shannon investigates expressions of authenticity in Syria's musical culture, which is particularly known for embracing and preserving the Arab musical tradition, and which has seldom been researched in depth by Western scholars. Music plays a key role in the process of self-imaging by virtue of its ability to convey feeling and emotion, and Shannon explores a variety of performance genres, Sufi rituals, song lyrics, melodic modes, and aesthetic criteria. Shannon shows that although the music may evoke the old, the traditional, and the local, these are re-envisioned as signifiers of the modern national profile. A valuable contribution to the study of music and identity and to the ethnomusicology of the modern Middle East, Among the Jasmine Trees details this music and its reception for the first time, offering an original theoretical framework for understanding contemporary Arab culture, music, and society.
=650  \0$aMusic history$1http://www.wikidata.org/entity/Q846047$921373
=650  \0$aPerformance$1http://www.wikidata.org/entity/Q6942562$926223
=650  \0$aAesthetics$1http://www.wikidata.org/entity/Q35986$921494
=651  \0$aSyria$1http://www.wikidata.org/entity/Q858$923340
=942  \\$cBOO
=952  \\$00$10$2ddc$40$6TOP_SY_7_000000000000000$70$8TOP$913874$aORPH$bORPH$cKTS0$d2014-04-28$g31.50$l0$oTOP SY 7$p20130642$r2021-01-12 00:00:00$w2021-01-12$yBOO$Vamazon.com
=999  \\$d13905

