=LDR  01770aam a2200217   4500
=001  13907
=005  20250120120045.0
=008  120712s2009\\\\\\\\\\\\\\\\\\\\\\0\fre
=020  \\$a9782600012829
=041  \\$afre
=245  \\$aL'Analyse musicale, une pratique et son histoire
=260  \\$aGenève$bDroz$c2009
=300  \\$a455 pages
=520  \\$aThis is not only a discourse on musical works, but also a practice involving reading, listening and writing. A group of historical musicologists and theorists/analysts, as well as researchers from other fields, explore in this book the origins and meanings of the seemingly banal gestures of analytical activity, including chord figuration, transcription, piano reduction, segmentation, inner listening, elaboration of an argument and the construction of charts, which are part and parcel of the analysts discourse and came together to comprise the discipline now known as music analysis. Taking examples from Wagnerian literature, transcriptions of electroacoustic works, the theoretical writings of Riemann, dIndy and Schoenberg, as well as the musical analyses of Leibowitz, Messiaen, Boulez, Rouget, Forte and Nattiez, this study traces the genealogy of this sphere of practical knowledge which is so prevalent in conservatories and universities, yet whose history remains obscure. French text.
=650  \0$aMusical analysis$1http://www.wikidata.org/entity/Q1544924$92775
=650  \0$aMusic history$1http://www.wikidata.org/entity/Q846047$921373
=700  \\$aCampos, Rémy$4edt$915885
=700  \\$aDonin, Nicolas$4edt$915886
=942  \\$cBOO
=952  \\$00$10$2ddc$40$6MTP_1_000000000000000_CAMP$70$8MTP$913876$aORPH$bORPH$cKM12_1$d2022-03-14$g40.00$oMTP1 CAMP$p20135585$r2021-01-12 00:00:00$w2021-01-12$yBOO
=999  \\$d13907

