=LDR  00538aam a2200169   4500
=001  13916
=005  20250120120025.0
=008  130215s1988\\\\\\\\\\\\\\\\\\\\\\0\d
=020  \\$a3610092297
=041  \\$ager
=100  \\$aLüdeking, Karlheinz$4aut$915897
=245  \\$aAnalytische philosophie der kunst
=260  \\$aFrankfurt am Main$bAthenäum$c1988
=300  \\$a231
=942  \\$cBOO
=952  \\$00$10$2ddc$40$6PHI_LUDE_A$70$8PHI$913885$aORPH$bORPH$cKM12_3_2$d2021-08-17$oPHI LUDE a$p20133839$r2021-01-12 00:00:00$w2021-01-12$yBOO
=999  \\$c13916$d13916

