=LDR  01258aam a2200181   4500
=001  13918
=005  20250120120025.0
=008  120524s1998\\\\\\\\\\\\\\\\\\\\\\0\e
=020  \\$a9781580460231
=041  \\$ae
=100  \\$aMcClatchie, Stephen$4aut$915899
=245  \\$aAnalyzing Wagner's operas: Alfred Lorenz and German nationalist ideology
=260  \\$aWoodbridge$bUniversity of Rochester Press$c1998
=300  \\$a262
=520  \\$aThe work of the Wagnerian theorist and analyst Alfred Lorenz (1869-1939) has had a profound influence upon both Wagnerian scholarship and music analysis in the twentieth century, and yet it has never been properly evaluated. Analyzing Wagner's Operas outlines the origins and development of the expressive aesthetic in writings by Wagner and others, as well as in early-twentieth-century theories of musical form, and it considers Lorenz's work and contributions in this light. The book also hopes to show, to the extent possible, where Lorenz's work acted as a sort of "musical metaphor" for German nationalist ideology during the Nazi era.



=942  \\$cBOO
=952  \\$00$10$2ddc$40$6BIO_WAGN1_E$70$8BIO$913887$aORPH$bORPH$cKTS1_P$d2021-10-26$g77.25$oBIO WAGN1 e$p20130985$r2021-01-12 00:00:00$w2021-01-12$yBOO
=999  \\$c13918$d13918

