=LDR  01995aam a2200217   4500
=001  13920
=005  20250120120207.0
=008  140430s2013\\\\\\\a\\\\\\\\\\\\\\0\eng\d
=020  \\$a9780199675593
=041  \\$aeng
=100  \\$aCeccarelli, Paola$d-1962$4aut$1http://www.wikidata.org/entity/Q93225310$915901
=245  \\$aAncient Greek Letter Writing:$bA cultural history (600bc- 150bc)
=260  \\$aLondon$bOxford university press$c2013
=300  \\$a435 pages
=336  \\$aprinted
=520  \\$aIn this volume, Ceccarelli offers a history of the development of letter writing in ancient Greece from the archaic to the early Hellenistic period. Highlighting the specificity of letter-writing, as opposed to other forms of communication and writing, the volume looks at documentary letters, but also traces the role of embedded letters in the texts of the ancient historians, in drama, and in the speeches of the orators. While a letter is in itself the transcription of an oral message and, as such, can be either truthful or deceitful, letters acquired negative connotations in the fifth century, especially when used for transactions concerning the public and not the private sphere. Viewed as the instrument of tyrants or near eastern kings, these negative connotations were evident especially in Athens where comedy and tragedy testified to an underlying concern with epistolary communication. In other areas of the Greek world, such as Sparta or Crete, the letter may have been seen as an unproblematic instrument for managing public policies, with inscriptions documenting the official use of letters not only by the Hellenistic kings, but also by some poleis.
=650  \0$aNotation$1http://www.wikidata.org/entity/Q233861$91964
=650  \0$aLinguistics$1http://www.wikidata.org/entity/Q8162$93902
=942  \\$cBOO
=952  \\$00$10$2ddc$40$6HUM_CECC$70$8HUM$913889$aORPH$bORPH$cKM12_1$d2014-04-28$l1$oHUM CECC$p20138994$r2022-04-07 00:00:00$s2021-03-12$v121.70$w2021-01-12$yBOO
=999  \\$d13920

