=LDR  01078aam a2200193   4500
=001  13923
=005  20230123101056.0
=008  120111s2000\\\\\\\\\\\\\\\\\\\\\\0\e
=020  \\$a9780192853578
=041  \\$aeng
=100  \\$aAnnas, Julia$4aut$915904
=245  \\$aAncient philosophy: A very short introduction
=260  \\$aOxford$bOxford university press$c2000
=300  \\$a133
=520  \\$aThe tradition of ancient philosophy is a long, rich and varied one, in which the notes of discussion and argument constantly resound. This book introduces ancient debates, engaging us with the ancient developments of their themes. Moving away from the presentation of ancient philosophy as a succession of great thinkers, the book gives readers a sense of the freshness and liveliness of ancient philosophy, and of its wide variety of themes and styles.
=490  \\$aVery short introductions$v26
=942  \\$cBOO
=952  \\$00$10$2ddc$40$6PHI_0_000000000000000_ANNA$70$8AES$913893$aORPH$bORPH$cKM12_3_2$d2021-08-18$oPHI0 ANNA$p20133996$r2021-01-12 00:00:00$w2021-01-12$yBOO
=999  \\$c13923$d13923

