=LDR  00765aam a2200193   4500
=001  13927
=005  20250121142131.0
=008  150520s1934\\\\\\\\\\\\\\\\\\\\\\0\f
=041  \\$afre
=100  \\$aSauvenier, Justin$4aut$915908
=245  \\$aAndré Grétry
=260  \\$aBrussels$bLes Éditions de Belgique$c1934
=300  \\$a159 p.
=600  \0$aGrétry, André-Ernest-Modeste$d1741-1813$1http://www.wikidata.org/entity/Q210962$94756
=648  \0$a18th Century (1701-1800)$1http://www.wikidata.org/entity/Q7015$920899
=942  \\$cBOO
=952  \\$00$10$2ddc$40$6BIO_GRET_D$70$8BIO$913897$aORPH$bORPH$cKTS1_P$d2021-10-19$g30.00$oBIO GRET d$p20130016$r2021-01-12 00:00:00$w2021-01-12$yBOO
=999  \\$c13927$d13927
=650  \0$aBiography$1http://www.wikidata.org/entity/Q36279$91927

