=LDR  01603aas a2200253   4500
=001  13943
=005  20250925143301.0
=008  190506i18761913\\\a\\\\\|\\\\\\\\0\fre\d
=041  \\$afre
=245  \\$aLes Annales du théâtre et de la musique$nvols. 1-28, 30, 32, 33, 36-38
=260  \\$aParis$bCharpentier$bOllendorf$c1876-1913
=300  \\$a34 vols.
=520  \\$aLes Annales du théâtre et de la musique was an annual French periodical that covered French theatre and opera from 1875 to 1916. Edited by Édouard Noël (1848-1926) and Edmond Stoullig (1845-1918), it was published by Charpentier from 1876 to 1895, by Berger-Levrault in 1896 and by Paul Ollendorff from 1897 (with Stoullig as sole editor). The penultimate volume was published in 1916 (covering the years 19141915) and the last in 1918 (covering the year 1916), making a total of 41 volumes.
=648  \0$a19th Century (1801-1900)$1http://www.wikidata.org/entity/Q6955$920935
=648  \0$a20th Century (1901-2000)$1http://www.wikidata.org/entity/Q6927$920936
=650  \0$aPeriodical$1http://www.wikidata.org/entity/Q1002697$921106
=650  \0$aTheater criticism$1http://www.wikidata.org/entity/Q2416230$921632
=650  \0$aMusic criticism$1http://www.wikidata.org/entity/Q11748889$921598
=651  \0$aParis (France)$1http://www.wikidata.org/entity/Q90$9160
=700  \\$4edt$aNoël, Edouard$915912
=700  \\$4edt$aStoullig, Edmond$915913
=942  \\$cPER
=952  \\$00$10$2ddc$40$6PER_AN_GLASS_CUPBOARD$70$8PER$913913$aORPH$bORPH$cKM12_1$d2022-04-29$oPER AN (Glass cupboard)$r2021-01-12 00:00:00$w2021-01-12$yPER
=999  \\$d13943

