=LDR  01371aam a2200301   4500
=001  13967
=005  20250120120416.0
=008  180919s1894\\\\\\\\\\\\\\\\\\\\\\0\fre
=041  \\$afre
=100  \\$aKufferath, Maurice$d1852-1919$4aut$1http://www.wikidata.org/entity/Q3300983$915914
=240  \\$aDer Ring des Nibelungen
=245  \\$aL'Anneau du Nibelung - Siegfried
=250  \\$a2nd ed.
=260  \\$aBrussels$bSchott$aParis$bFischbacher$aLeipzig$bJunne$c1894
=300  \\$a130 pages
=490  \\$aLe Théatre de R. Wagner : de Tannhäuser à Parsifal
=534  \\$aOriginally published in 1891
=561  \\$aEx libris L. Neelemans (ms.)
=600  \0$aWagner, Richard$d1813-1883$1http://www.wikidata.org/entity/Q1511$97120
=648  \0$a19th Century (1801-1900)$1http://www.wikidata.org/entity/Q6955$920935
=650  \0$aOpera$1http://www.wikidata.org/entity/Q1344$92468
=650  \0$aMusic criticism$1http://www.wikidata.org/entity/Q11748889$921598
=650  \0$aMusical analysis$1http://www.wikidata.org/entity/Q1544924$92775
=650  \0$aStaging$1http://www.wikidata.org/entity/Q3508687$922118
=651  \0$aGermany$1http://www.wikidata.org/entity/Q183$9155
=942  \\$cBOO
=952  \\$00$10$2ddc$40$6KTS_1_000000000000000_C3_15_34$70$8RAR$913937$aORPH$bORPH$cKTS1_C3$d2021-09-08$oKTS1 C3.15 (34)$p20136427$r2021-01-12 00:00:00$w2021-01-12$yBOO
=999  \\$d13967

