=LDR  00924aam a2200205   4500
=001  13970
=005  20250120120038.0
=008  190913s1957\\\\\\\\\\\\\\\\\\\\\\0\ita
=041  \\$aeng$aita
=100  \\$4edt$aCarapetyan, Armen$915917
=245  \\$aAnonimi: notitia del valore delle note del canto misurato
=260  \\$bAmerican Institute of Musicology$c1957
=300  \\$a63 pages
=490  \\$aCorpus scriptorum de musica$v5
=520  \\$aReproduced from the manuscript Redi 71 of the Biblioteca Mediceo-Laurenziana at Florence.
=650  \0$aMusic theory$1http://www.wikidata.org/entity/Q193544$92662
=942  \\$cBOO
=952  \\$00$10$2ddc$40$6TRE_NOTI$70$8TRE$913940$aORPH$bORPH$cKTS1_H$l0$oTRE NOTI$p20135811$r2021-01-12 00:00:00$w2021-01-12$yBOO
=952  \\$00$10$2ddc$40$6TRE_NOTI$70$8TRE$920182$aORPH$bORPH$cKTS1_H$d2021-05-19$eKoopman$i14D03$l0$oTRE NOTI$p20124689$r2021-05-19 00:00:00$w2021-05-19$yBOO
=999  \\$c13970$d13970

