=LDR  00897aam a2200181   4500
=001  13975
=005  20230123091236.0
=008  130318s1998\\\\\\\\\\\\\\\\\\\\\\0\e
=020  \\$a9781565847422
=041  \\$aeng
=100  \\$aFoster, Donald H.$4aut$915925
=245  \\$aThe anti-aesthetic: Essays on postmodern culture
=260  \\$aNew York$bThe new Press$c1998
=300  \\$a183
=520  \\$aA continuing best-seller -- with more than 60,000 copies sold -- The Anti-Aesthetic is a touchstone volume for postmodern debate and theory. Though the cultural stakes and terms have changed over the last decade, this collection still illuminates -- perhaps now even more lucidly -- a vital current in contemporary criticism.
=942  \\$cBOO
=952  \\$00$10$2ddc$40$6PHI_FOST_A$70$8PHI$913945$aORPH$bORPH$cKM12_3_2$d2021-08-09$g13.59$oPHI FOST a$p20133270$r2021-01-12 00:00:00$w2021-01-12$yBOO
=999  \\$c13975$d13975

