=LDR  01944aam a2200169   4500
=001  13977
=005  20250120120026.0
=008  120309s1990\\\\\\\\\\\\\\\\\\\\\\0\\\\
=020  \\$a9789056375058
=100  \\$aOnfray, Michel$4aut$915926
=245  \\$aAntihandboek voor de filosofie: Tegendraadse lessen in de geest van Socrates
=260  \\$aRotterdam$bLemniscaat Publishers$c1990
=300  \\$a320
=520  \\$a'Moet je aan het begin van het schooljaar je leraar filosofie in brand steken? Niet meteen. Wacht er nog even mee. Gun hem in ieder geval de tijd te laten zien wat hij waard is voor je hem naar de brandstapel stuurt.' 
- Michel Onfray 

Filosoferen kun je in alle rust op je pantoffels doen, zonder de gang van zaken in de wereld erbij te betrekken, maar je kunt er ook, net als Nietzsche, dynamiet van maken. Dat laatste doet Michel Onfray in dit Antihandboek, waarin de reële wereld vanuit zeer eigentijdse vragen onder de filosofische loep wordt gelegd: Is slavernij toegestaan? Mogen scholieren naar pornosites kijken op school? Mag je mensenvlees eten? 

Michel Onfray, zelf docent filosofie op een Franse middelbare school, heeft het verplichte leerprogramma van zijn leerlingen getransformeerd tot een reeks socratische lessen en hilarische alternatieven die het denken stimuleren. Hij behandelt onderwerpen als masturbatie, bavianen, hasjiesjrokers, kannibalisme, sport, politieagenten, schoolbesturen, bejaarde nazi's, het presidentschap én een bonte verzameling filosofen die Socrates zeker zou waarderen. 

Het Antihandboek is een schitterend tekstboek, rijk geïllustreerd met modern beeldmateriaal dat jong en oud aanspreekt. In Frankrijk belandde dit boek direct na verschijnen op de bestsellerlijsten. Er zijn meer dan tachtigduizend exemplaren 

=942  \\$cBOO
=952  \\$00$10$2ddc$40$6PHI_ONFR_A$70$8PHI$913947$aORPH$bORPH$cKM12_3_2$d2021-08-17$oPHI ONFR a$p20133865$r2021-01-12 00:00:00$w2021-01-12$yBOO
=999  \\$c13977$d13977

