=LDR  01120aam a2200205   4500
=001  13978
=003  OI
=005  20250120120026.0
=008  130318s1983\\\\\\\\\\\\\\\\\\\\\\0\e
=020  \\$a9780816612253
=041  \\$aeng
=100  \\$aDeleuze, Gilles$d1925-1995$4aut$1http://www.wikidata.org/entity/Q184226$915927
=245  \\$aAnti-Oedipus: Capitalism and Schizophrenia
=260  \\$aMinneapolis$bUniversity of Minnesota Press$c1983
=300  \\$a400 p.
=520  \\$aThe authors set forth a theory that "Western society's innate herd instinct has allowed the government, the media, and even the principles of economics to take advantage of each person's unwillingness to be cut off from the group" and that "those who suffer from mental disorders my not be insane, but could be individuals in the purest sense."--Publisher's description.
=700  \\$aGuattari, Félix$d1930-1992$1http://www.wikidata.org/entity/Q352465$915915
=942  \\$cBOO$2ddc
=952  \\$00$10$2ddc$40$6PHI_DELE_A$70$8PHI$913948$aORPH$bORPH$cKM12_3_2$d2013-03-15$g0.00$l0$oPHI DELE a$p20136019$r2021-01-12 00:00:00$w2021-01-12$yBOO
=999  \\$c13978$d13978

